2422 3878
525 130 762 194 -118—

135 296 300 354 lorinsecus
325 293 463 353 omnihus
487 295 566 352 vitiis
591 295 651 353 oris
674 293 821 352 infantum
845 295 944 353 statim
970 293 1147 355 medebitur.

82 395 116 444 35
135 382 391 461 Medicamentum,
415 382 493 462 quod
519 383 588 442 lacit
612 382 647 441 ad
671 383 782 461 omnia,
805 384 964 459 praecipue
989 389 1090 442 autem
1114 383 1147 443 ad

135 490 168 531 ea
188 472 265 550 vitia,
286 472 410 549 quaein
434 489 485 530 ore
509 470 677 530 subsistunt
701 477 730 530 et
753 469 789 529 ad
814 468 1044 530 abalienationes
1069 471 1148 531 audi-

135 568 183 621 tus
212 569 241 620 et
269 560 304 620 ad
333 567 466 620 tumores
495 561 610 619 aurium
639 566 669 619 et
696 560 780 636 puris
804 558 873 618 inde
898 562 1097 620 manationem
1121 569 1150 620 et

135 648 266 708 dolorem
295 656 325 708 et
353 648 388 708 ad
412 646 568 726 palpebras
592 665 711 724 asperas
737 654 767 707 et
791 647 827 707 ad
851 647 951 708 ulcera
974 647 1096 708 sordida
1119 651 1171 708 inc

134 737 229 796 oculis
252 746 340 815 atque
364 739 394 797 in
418 755 473 796 ano
499 746 528 796 et
551 747 668 796 veretro
692 754 809 796 necnon
833 744 864 795 et
887 736 922 796 ad
942 735 1149 797 carbunculos.

134 824 182 884 uo
207 832 305 884 autem
325 844 360 885 eo
379 832 505 905 oportet,
530 843 597 885 cum
616 823 826 884 resolvendum
844 834 874 884 et
893 823 1087 902 eliquandum
1106 834 1150 886 est

134 913 244 992 aliquid
260 913 369 973 ulceris
386 932 454 974 cum
469 913 569 974 melle:
588 931 656 973 cum
672 922 770 972 autem
786 913 1063 993 constringendum,
1082 932 1149 974 cum

134 1003 202 1061 vino
226 1009 358 1083 austero,
387 1003 439 1062 sed
463 1001 514 1062 ubi
537 1002 638 1063 ulcera
662 1003 832 1062 cicatricem
859 1000 970 1062 ducere
998 1002 1150 1080 oportebit

134 1098 186 1150 aut
209 1090 327 1150 sordida
351 1098 380 1151 et
402 1093 491 1151 taetri
510 1092 611 1152 odoris
630 1091 798 1170 expurgari,
817 1108 884 1150 cum
904 1099 1006 1151 ceroto
1026 1109 1063 1150 ex
1083 1109 1149 1150 rosa
1162 1108 1184 1147 ro

133 1179 221 1238 lacto.
267 1178 389 1239 Prolicit
417 1187 515 1239 autem
550 1189 580 1240 et
608 1179 644 1238 ad
668 1185 818 1238 tumentes
842 1187 930 1256 atque
961 1197 1148 1257 compressas

134 1267 260 1326 feminae
280 1267 380 1327 vulvas
400 1286 493 1346 prope
513 1286 545 1327 os
565 1270 659 1346 ipsius
678 1266 780 1327 vulvae
800 1266 978 1346 adhibitum3
1003 1275 1050 1326 est
1070 1269 1149 1328 enim

134 1356 169 1414 ad
189 1357 287 1416 omnia
305 1355 460 1416 muliebria
478 1356 550 1416 utile
566 1375 633 1417 cum
648 1374 770 1416 rosaceo
785 1354 850 1415 oleo
864 1355 1041 1434 adpositum.
1066 1355 1149 1416 Facit

134 1445 222 1503 etiam
246 1444 282 1504 ad
306 1449 423 1506 narium
446 1447 516 1505 vitia
540 1452 570 1505 et
592 1444 715 1524 polypos
744 1452 774 1504 et
799 1451 897 1504 cetera
921 1443 1023 1504 ulcera
1047 1444 1148 1505 datur·

134 1550 192 1608 que
205 1532 261 1612 his,
281 1535 333 1613 qui
347 1536 522 1611 sanguinem
536 1535 656 1611 eiciunt,
671 1541 814 1611 quantum
829 1532 894 1592 laba
908 1542 955 1592 est
969 1551 1038 1592 cum
1054 1552 1148 1612 aquae
1162 1550 1184 1590 15

134 1620 250 1681 duobus
270 1621 383 1702 cyathis
402 1622 528 1702 tepidae,
547 1623 656 1700 recipit
673 1631 773 1682 autem
792 1621 877 1682 haec:
896 1621 1148 1700 crocomagmatis

133 1712 238 1787 optimi
261 1709 287 1770 X
312 1709 361 1789 Vl,
389 1711 479 1770 misui
507 1712 568 1769 usti
590 1709 616 1770 X
640 1709 677 1791 V,
706 1708 844 1770 aluminis
873 1711 997 1770 rotundi
1023 1709 1049 1770 X
1075 1710 1148 1789 Vlll,

132 1816 218 1858 rosae
238 1798 336 1859 aridae
356 1798 382 1859 X
400 1797 449 1878 lll,
472 1799 549 1857 aeris
568 1797 651 1858 lloris
670 1797 695 1857 X
714 1797 777 1877 llll,
800 1797 893 1876 gallae
913 1797 1051 1877 Syriacae
1071 1798 1097 1859 X
1116 1798 1148 1878 V,

133 1885 270 1963 omphaci
289 1887 365 1946 aridi
383 1886 409 1947 X
424 1885 496 1966 Vlll,
520 1906 659 1966 squamae
679 1888 757 1947 aeris
771 1886 797 1947 Χ
811 1885 857 1967 Vl,
877 1885 1043 1947 chalcitidis
1062 1895 1147 1948 ustae

132 1972 158 2032 X
177 1973 237 2054 Vll,
260 1975 355 2034 mellis
378 1975 546 2053 despumati
564 1974 595 2035 ἃ
614 1975 635 2036 l.
679 1975 759 2036 Haec
782 1977 879 2034 omnia
904 1993 1038 2036 seorsum
1062 1978 1148 2055 prius
1161 1994 1185 2032 so

134 2071 163 2121 et
191 2064 222 2121 in
251 2081 356 2142 unum,
384 2071 487 2141 postea
515 2082 583 2123 curn
607 2066 675 2124 vino
699 2065 769 2124 trita
792 2063 922 2123 admixto
946 2082 1033 2142 passo
1058 2074 1148 2143 atque

132 2149 218 2209 melle
246 2158 417 2228 coquuntur
445 2151 527 2211 molli
552 2170 649 2231 pruna
672 2154 703 2212 in
726 2170 796 2212 vaso
819 2151 903 2212 rubri
926 2155 1016 2231 aeris,
1033 2154 1077 2213 'id
1102 2163 1148 2214 est

132 2256 253 2318 cupreo,
273 2241 313 2298 ita
328 2247 362 2299 ut
376 2239 501 2301 subinde
516 2243 645 2320 agitetur
659 2248 689 2301 et
703 2250 849 2321 coquatur
863 2241 1037 2320 lentissime,
1051 2242 1147 2303 donec

131 2325 226 2386 mellis
250 2328 475 2405 spissitudinem
497 2329 618 2411 habeat,
646 2330 725 2408 quod
749 2329 997 2390 medicamentum
1022 2331 1147 2391 recondi

78 2427 113 2476 36
133 2414 221 2474 debet
248 2417 279 2475 in
306 2417 412 2495 pyxide
440 2437 548 2498 cyprea
576 2426 606 2479 et
630 2420 749 2497 signari.
794 2418 838 2478 Ad
868 2436 910 2498 ea,
940 2436 1015 2496 quae
1039 2420 1185 2480 increta

132 2501 309 2583 subsistunt,
332 2515 363 2566 et
385 2507 419 2566 ad
440 2507 634 2585 puerulorum
654 2506 700 2567 vel
721 2507 868 2566 infantum
886 2505 987 2566 ulcera
1005 2507 1146 2585 pestilen-

130 2592 220 2652 tiosa:
253 2591 339 2654 Croci
362 2593 474 2677 Xllll,
498 2615 613 2676 myrrae
637 2595 663 2656 X
682 2595 733 2675 Vl,
761 2595 854 2673 gallae
878 2593 1015 2674 Syriacae
1039 2595 1065 2656 Χ
1085 2595 1147 2674 llll,

131 2679 269 2742 aluminis
293 2683 356 2742 fissi
380 2683 405 2743 X
424 2683 463 2762 ll,
487 2687 563 2745 turis
587 2683 671 2765 Xll,
695 2701 780 2744 rosae
804 2683 886 2743 floris
909 2682 1005 2763 XVl,
1033 2683 1146 2765 glycyr-

130 2769 229 2830 rhizae
253 2773 319 2832 suci
342 2771 367 2831 Χ
386 2771 458 2850 Vlll,
482 2775 535 2833 iris
558 2772 584 2833 Χ
603 2772 653 2853 Vl,
677 2774 922 2850 crocomagmatis
946 2771 972 2832 X
990 2771 1036 2852 Vl,
1060 2774 1146 2835 nardi

131 2857 245 2938 Syriaci
263 2859 336 2940 XV,
359 2862 471 2940 piperis
490 2860 578 2921 XlS
602 2871 632 2921 et
655 2864 720 2922 eius
739 2863 852 2939 tertias,
875 2862 951 2921 costi
969 2859 1060 2940 Xlll,
1084 2865 1145 2923 cin·
1159 2879 1183 2918 ao

132 2950 212 3007 nami
235 2948 330 3028 XVl,
355 2951 450 3009 casiae
475 2949 501 3010 X
520 2948 565 3030 Vl,
588 2950 649 3028 poli
671 2950 697 3011 X
717 2949 752 3031 ll,
775 2949 872 3010 mellis
896 2949 975 3029 quod
1000 2952 1073 3010 satis
1098 2954 1145 3011 sit.

130 3032 209 3094 Haec
237 3039 307 3095 trita
336 3036 493 3115 diligenter
520 3048 776 3118 concorporantur
805 3040 890 3099 etin
914 3037 1032 3099 vasculo
1057 3058 1144 3101 aereo

130 3129 181 3179 aut
208 3124 302 3182 vitreo
331 3125 542 3187 custodiuntur
566 3137 595 3187 et
623 3146 692 3188 cum
723 3146 798 3206 opus
827 3136 887 3209 eat,
917 3129 997 3188 vitiis
1025 3130 1087 3188 oris
1116 3137 1145 3190 et

77 3220 111 3268 et
131 3208 261 3269 faucium
288 3211 419 3272 remedio
448 3213 635 3277 adhibentur.
681 3215 813 3277 Anthera
840 3217 877 3277 ad
901 3215 1002 3277 ulcera
1025 3226 1057 3276 et
1080 3236 1145 3278 san·

178 3420 235 3494 ‚16
250 3415 363 3484 recepit.
420 3421 453 3472 18
468 3417 527 3472 flos.
584 3424 616 3475 19
631 3420 768 3476 calchitis.
823 3421 979 3477 auctricae.
1035 3423 1145 3492 2831]-

130 3499 245 3541 cerrzae.
319 3486 473 3546 austriaci.
546 3496 579 3544 31
600 3490 678 3560 polii.
