2422 3878
513 104 751 168 -282-

128 268 237 327 veteris
264 268 346 347 purI,
375 267 402 326 si
428 283 488 326 non
511 264 704 346 febricitabit,
733 265 914 344 dysinterico
937 265 1032 347 dabit3
1065 269 1149 347 quod

129 357 155 414 si
177 354 340 432 inaequalis
363 355 463 433 fuerit,
486 355 517 412 in
542 352 642 414 caldae
665 371 758 432 aquae
782 355 902 433 potione
925 356 1063 433 accipiet.

74 453 109 502 44
216 441 333 504 Fimum
362 441 537 503 caballinum
566 441 714 502 conbures
743 449 774 502 et
801 444 932 503 cinerem
957 443 1021 502 fimi
1043 444 1149 523 ipsum

104 543 197 594 ‘cum
220 533 288 591 virro
312 539 412 592 vetere
435 528 575 590 miscebis
601 538 630 590 et
653 537 792 591 conteres
815 538 845 591 et
868 533 911 591 sic
935 529 1019 591 dabis
1043 531 1148 612 dysin·

127 622 221 680 terico
244 619 407 680 bibendum
431 619 494 678 sine
519 636 603 696 aqua,
627 619 652 679 si
675 636 735 678 non
759 617 948 678 febricitabit.
1160 645 1173 687 5

74 719 108 768 45
217 708 363 769 Alumims
377 705 481 767 schisti
496 698 600 791 plui
614 725 683 766 eum
696 708 774 767 aceti
788 706 966 767 cocliaribus
978 705 1020 766 III
1034 709 1148 771 misce·

127 794 174 856 bis
198 803 228 856 et
250 803 330 856 teres
352 802 382 854 et
400 793 511 854 oolabis
530 801 560 855 et
578 795 712 873 tepidum
731 813 799 855 eum
818 813 911 874 aquae
930 793 1021 872 duplo
1042 797 1149 876 dysin·

127 885 221 944 terico
244 881 328 943 dabis
351 881 521 943 bibendum.
600 876 602 883 ’

73 984 108 1033 46
215 970 367 1031 Pumieem
394 970 526 1052 mollem,
554 970 698 1049 sfougiam
725 970 763 1030 de
791 970 923 1050 qualibet
949 989 1018 1032 rosa
1041 991 1147 1057 unam,

127 1057 232 1137 gallam
251 1077 339 1119 unam
359 1061 458 1139 semis,
477 1060 598 1119 corticis
617 1061 712 1119 siccae
731 1058 768 1118 de
787 1057 863 1118 malo
883 1067 1005 1138 granato
1021 1053 1062 1146 9«
1078 1062 1146 1144 1111,
1159 1087 1183 1127 ιο

126 1149 238 1225 piperis
266 1166 357 1225 grana
385 1146 515 1207 XLVIIII
543 1146 767 1224 diligentissime
797 1154 877 1207 teres
910 1155 940 1208 et
972 1166 1042 1208 cum
1070 1152 1144 1211 vino

126 1242 226 1295 vetere
253 1235 448 1314 permiscebis
475 1243 505 1296 et
532 1233 665 1314 pastillos
693 1233 831 1313 aequales
863 1235 933 1296 inde
965 1235 1071 1317 facieS,
1109 1247 1145 1300 ut

126 1341 194 1384 eum
218 1341 292 1402 opus
317 1325 408 1385 luerit
430 1324 541 1402 siuguli
563 1326 594 1382 in
617 1324 678 1383 vini
701 1324 811 1383 veteris
834 1322 953 1384 hemina
977 1324 1070 1386 soluti
1088 1326 1142 1407 dy·

126 1414 267 1473 sinterico
290 1431 345 1490 per
366 1413 501 1473 triduum
524 1412 641 1490 dentur,
664 1413 706 1471 ita
727 1419 761 1471 ut
779 1413 843 1490 ipsa
861 1414 942 1490 potio
961 1411 1042 1473 Ierro
1062 1414 1142 1476 duro

122 1501 250 1581 calefiat;
273 1503 390 1580 insigne
413 1500 580 1560 remedium
604 1501 662 1559 cito
687 1501 866 1577 experietur.
1156 1526 1181 1568 15

71 1600 106 1649 47
213 1589 338 1668 Leporis
361 1587 560 1649 ventriculum
583 1605 651 1647 cum
675 1587 742 1647 fimo
768 1605 821 1647 suo
845 1589 913 1648 vico
936 1596 1037 1649 vetere
1061 1590 1140 1653 lava·

125 1676 183 1758 bis,
209 1679 249 1737 ita
272 1685 307 1738 nt
329 1677 433 1737 sordes
456 1677 538 1753 ipsae
561 1674 604 1735 ibi
628 1677 688 1736 sint
711 1683 741 1736 et
764 1678 959 1754 misceantur,
982 1684 1034 1738 aut
1058 1681 1085 1738 si
1108 1682 1141 1742 in

125 1765 290 1825 ventriculo
320 1782 379 1824 non
407 1766 569 1844 inveneris,
598 1762 704 1842 pilulas
733 1764 769 1824 de
797 1764 866 1824 fimo
895 1766 990 1843 ipsius
1017 1768 1140 1846 inpares

125 1871 250 1914 numero
273 1855 360 1913 tritas
383 1871 451 1913 eum
474 1854 542 1912 vino
562 1860 662 1913 vetere
682 1852 862 1930 dysinterico
882 1853 965 1913 dabis
984 1852 1139 1917 bibendas.

72 1952 106 2001 48
213 1941 257 2001 Ad
281 1943 393 2001 ventris
416 1940 529 2001 fluxum
553 1941 705 2001 masticem
729 1938 824 2000 albam
843 1948 925 2001 teres
945 1949 975 2002 et
993 1944 1025 2002 in
1042 1946 1139 2022 potio·
1154 1967 1180 2008 so

125 2047 192 2089 nem
217 2032 339 2091 mixtam
361 2031 462 2090 mittes
485 2037 516 2089 et
538 2027 692 2089 calefacies
715 2027 791 2088 bene
815 2029 909 2107 ipsam
930 2032 1083 2107 potionem
1106 2034 1139 2093 in

71 2129 105 2178 49
125 2135 200 2196 aqua
223 2118 316 2178 calida
335 2127 365 2178 et
383 2117 541 2178 bibendam
559 2135 614 2195 per
632 2116 766 2177 triduum
785 2115 876 2177 dabis.
909 2116 1037 2180 Herbam
1056 2120 1140 2198 plan·

125 2207 254 2281 taginem
278 2205 400 2284 colliges
423 2224 456 2265 ac
480 2212 560 2265 teres
583 2213 614 2265 et
636 2222 742 2265 sucum
765 2207 831 2264 eius
854 2223 923 2265 oum
946 2208 1007 2266 viui
1027 2210 1138 2269 veteris

124 2295 253 2371 potione,
277 2294 304 2351 si
327 2310 386 2352 non
409 2292 597 2372 febricitabit,
620 2292 800 2372 dysinterico
819 2293 1025 2372 pertriduum
1044 2295 1137 2358 dabis.

71 2392 106 2442 50
213 2379 257 2441 dd
280 2381 393 2440 ventris
415 2379 527 2441 fluxum
552 2380 597 2441 vel
615 2381 651 2441 ad
671 2381 867 2460 dysintericos
886 2384 944 2442 iam
963 2382 1137 2463 desperatos
1151 2406 1177 2446 as

124 2468 290 2529 remedium
314 2470 370 2529 sie:
400 2467 549 2549 Vermem,
574 2469 653 2529 unde
676 2487 800 2529 coccum
823 2471 978 2551 tinguitur,
1001 2480 1083 2533 teres
1107 2481 1138 2534 et

124 2574 192 2616 oum
216 2559 283 2617 vino
307 2565 408 2618 vetere
432 2559 543 2637 opIImo
566 2559 717 2637 potionem
740 2559 862 2618 mixtam
885 2565 915 2619 et
937 2559 1062 2621 calidam
1082 2579 1139 2641 per

124 2645 256 2707 triduum
280 2646 372 2707 dabis.

71 2747 104 2795 nr
213 2736 257 2796 Ad
286 2736 477 2815 dysinteriam
504 2735 566 2794 sive
594 2735 774 2794 torminosos
802 2741 833 2794 et
859 2735 912 2812 qui
940 2735 1139 2799 deiectionem

124 2825 244 2885 nimiam
272 2826 427 2903 patiuntur
454 2822 618 2883 remedium
647 2824 703 2882 sic:
736 2820 866 2882 Ovorum
894 2823 1009 2884 vitellos
1033 2833 1138 2888 coctos
1151 2845 1177 2886 eo

124 2915 185 2973 sive
209 2915 355 2992 incoctos,
384 2929 470 2971 uvam
494 2919 641 2988 agrestem
665 2910 778 2971 acidam
801 2917 832 2970 et
854 2910 943 2989 gallas
966 2914 1032 2990 pari
1054 2931 1139 2976 men·

124 3019 193 3061 sura
212 3010 276 3063 tere
296 3020 329 3060 ao
343 3002 490 3078 permisce
505 3007 535 3059 et
548 2998 711 3060 bibendum
726 2998 909 3060 medicamen
923 3007 1027 3078 tepens
1043 3003 1139 3065 trade.

70 3102 104 3150 52
213 3090 368 3151 Frumenti
395 3090 465 3149 tosti
492 3105 582 3166 grana
609 3089 708 3165 inpari
735 3105 873 3167 numero,
904 3087 1041 3151 similiter
1068 3090 1139 3153 hor-

125 3175 172 3235 dei
205 3185 235 3236 et
266 3179 364 3256 pisae,
396 3194 465 3237 cum
498 3175 594 3235 mellis
627 3175 794 3254 despumati
829 3175 948 3236 hemIna
979 3179 1074 3239 misce
1108 3187 1139 3241 et

213 3315 228 3362 2
249 3309 360 3377 caldae]
380 3310 469 3364 ealda.
529 3316 545 3363 3
564 3308 661 3380 ipsius.
715 3315 732 3362 4
752 3309 832 3364 dubis
851 3312 955 3381 (repet.)
971 3310 1136 3374 bibendum.

122 3378 591 3506 pssspllprssllsieppppti.12uI]et
650 3378 861 3437 aramancias.
916 3388 950 3438 29
970 3381 1135 3452 dysinteria
