2422 3878
541 95 782 161 -138-

153 267 183 319 ct
205 257 310 336 pollice
335 277 458 336 granum
482 258 598 320 vulsum
627 260 670 319 sic
693 258 937 339 transgluttierit,
964 267 999 319 ut
1027 257 1158 319 dentibus

98 361 133 410 53
153 365 211 407 non
241 349 401 425 contingat.
444 347 568 408 Stercus
596 346 772 408 caballinum
800 365 906 408 recens
934 346 1058 426 colliges
1081 349 1158 408 etin

153 435 240 495 lrvrno
264 435 428 514 calefacies,
451 442 523 496 tnnc
546 434 644 496 oleum
667 435 765 496 medio
789 437 879 514 capiti
902 435 1043 496 infundes
1063 444 1159 497 contra

152 542 238 584 uvam
268 531 298 584 et
325 527 368 584 sic
397 534 513 584 stercus
540 524 725 602 praedictum
752 527 783 584 in
810 543 909 602 panno
937 523 983 584 vel
1013 525 1044 584 in
1075 523 1160 585 linteo

98 626 134 674 54
153 615 248 691 spisso
268 614 358 691 capiti
377 611 573 691 superligabis
587 614 618 672 iu
631 620 759 673 noctem.
792 611 947 674 Frumenti
964 630 1056 691 grana
1076 627 1180 692 supera

152 701 327 761 candentem
350 700 479 778 tegulam
502 719 596 780 pones
620 708 650 761 et
673 701 828 780 disperges
852 719 886 762 ea
908 709 940 761 et
962 719 1031 761 cum
1056 701 1162 762 videris

152 807 187 849 ex
211 789 258 849 his
281 807 416 850 umorem
436 792 554 868 nigrum
574 791 664 869 exire,
687 789 723 849 dc
743 788 888 850 cocleario
908 787 1029 868 colliges
1049 799 1081 850 et
1100 789 1163 850 sub·

97 891 132 940 os
150 877 219 936 inde
239 896 312 938 uvae
331 877 471 957 adpones,
490 880 589 938 statim
608 877 794 938 remediabis.
827 878 872 939 Ad
887 877 987 938 lauces
1008 886 1039 938 et
1057 880 1164 939 arteria

151 966 290 1043 impedita
315 967 480 1026 remedium
504 966 577 1026 utile
607 969 663 1027 sic:
700 966 787 1027 Croci
815 966 950 1044 dragmas
973 965 1052 1046 Vlll,
1083 966 1165 1027 nardi

151 1051 232 1131 drag.
255 1054 295 1135 ll,
323 1055 565 1115 schoenuantbus
592 1052 673 1133 drag.
700 1054 727 1135 l,
754 1055 844 1115 amuli
872 1051 952 1134 drag.
976 1053 989 1114 l
1014 1054 1049 1129 S,
1081 1071 1197 1115 rosaero

151 1144 272 1202 seminis
295 1140 376 1222 drag.
395 1143 421 1222 l,
444 1142 541 1203 mellis
564 1145 655 1204 Attici
678 1143 817 1222 cyathum
840 1161 934 1204 unum
957 1161 1026 1203 cum
1050 1145 1164 1204 tenuis-

151 1232 226 1290 simo
253 1231 375 1309 pulvere
403 1234 571 1310 specierum
599 1250 689 1311 supra
717 1232 863 1293 dictarum
891 1230 1032 1292 miscebis
1060 1240 1093 1292 ct
1117 1232 1165 1292 de-

97 1332 133 1383 56
152 1338 263 1398 coques
286 1322 417 1382 tenuiter
441 1321 528 1381 etad
553 1322 779 1399 perunctionem
802 1321 932 1381 faucium
958 1322 1063 1380 uteris.
1107 1320 1166 1381 Lac

151 1407 296 1469 bubulum
319 1427 425 1470 recens
448 1408 578 1469 mulsum
601 1416 631 1470 et
653 1408 733 1469 lento
757 1411 826 1487 igne
847 1407 1022 1469 calefactum
1041 1408 1165 1486 gargali·

151 1506 308 1575 natumque
328 1500 436 1558 arteria
450 1499 610 1558 constricta
629 1497 728 1557 inluso
748 1505 863 1558 catarm
880 1498 1204 1575 'etlauoesexaspe-1s

151 1595 230 1646 ratas
253 1588 395 1664 pristinae
419 1588 538 1646 sanitati
560 1587 698 1646 restituta
721 1594 868 1664 persanat.

97 1686 131 1736 57
241 1673 318 1734 Uvae
347 1674 458 1734 dolenti
486 1680 516 1733 et
539 1673 699 1734 destillanti
722 1675 970 1735 medicamentum
994 1681 1166 1752 praesenta-

151 1780 241 1822 neum
260 1764 316 1823 sic:
336 1761 434 1822 Gallae
453 1763 536 1822 rufae
556 1765 746 1843 semunciam,
766 1763 904 1823 aluminis
919 1763 1005 1822 scissi
1021 1755 1061 1847 ,Q
1077 1761 1165 1842 Vllll,

151 1869 267 1929 myrrae
295 1851 506 1929 pinguissimae
535 1843 574 1938 ,01
599 1851 689 1932 Vllll,
717 1850 898 1912 cubicularis
925 1849 1036 1910 herbae
1065 1851 1166 1910 aridae

152 1957 242 2016 snper
256 1939 396 1998 mundam
411 1938 540 2017 tegulam
555 1939 726 2000 combustae
742 1941 851 2001 cineris
866 1941 1058 1999 semunciam.
1084 1939 1165 2000 llaec
1179 1956 1204 1996 ao

151 2029 248 2086 omnia
272 2029 302 2086 in
325 2029 533 2087 tenuissimum
557 2027 708 2107 pulverem
731 2028 852 2088 redacta
875 2035 906 2088 et
929 2012 960 2087 ib
984 2045 1079 2088 unum
1097 2045 1165 2106 per-

150 2115 241 2173 mixta
266 2121 422 2175 servantur
445 2133 514 2174 vaso
533 2119 627 2176 vitreo
647 2127 677 2177 et
695 2116 901 2194 pertriduum
921 2115 1055 2176 cocleare
1075 2119 1164 2176 semi-

151 2200 271 2276 plenum
294 2204 394 2261 ieiuno
419 2211 449 2263 et
467 2204 543 2264 bene
562 2204 677 2282 digesto
696 2207 774 2265 intra
792 2222 826 2264 os
845 2206 998 2284 inseritur,
1022 2211 1057 2264 ut
1077 2222 1163 2264 uvam

97 2299 132 2348 58
152 2291 303 2365 contingat
325 2297 356 2348 ct
377 2288 490 2351 inlinat.
529 2292 700 2352 Causticnm
723 2292 758 2351 ad
782 2310 869 2352 uvam
888 2295 1008 2372 penitus
1027 2294 1164 2352 minuen-

150 2375 215 2435 dam
240 2375 287 2434 vcl
310 2377 540 2437 consumendam
564 2381 620 2438 sic:
653 2378 787 2440 Feniculi
809 2376 890 2457 drag.
914 2379 940 2459 l,
967 2379 1056 2440 calcis
1079 2381 1163 2440 vivae
1176 2397 1201 2437 oo

151 2460 230 2541 drag.
249 2463 271 2543 l,
294 2465 431 2524 afronitri
454 2461 532 2545 drag.
552 2466 596 2546 ll,
620 2465 788 2528 chalcanthi
810 2464 890 2548 drag.
908 2468 948 2546 ll,
971 2469 1003 2528 iu
1026 2464 1109 2545 drag.
1128 2468 1162 2527 ll.

150 2550 279 2612 Contnsa
303 2551 375 2613 haec
404 2563 434 2613 et
460 2555 491 2613 in
515 2553 667 2632 pulverem
690 2556 810 2617 redacta
833 2559 980 2634 permisce
1003 2563 1034 2615 et
1057 2555 1163 2633 subige

151 2657 217 2700 cnm
242 2642 343 2701 cinere
366 2640 447 2701 lixivi
468 2642 588 2703 fictilnei
606 2652 637 2703 et
655 2646 764 2722 inpone
784 2646 905 2724 siccum,
928 2647 968 2704 ita
989 2651 1023 2703 ut
1040 2643 1163 2704 haereat

95 2741 130 2789 oe
150 2747 223 2789 uvae
252 2728 298 2789 vel
326 2730 469 2790 faucibus.
515 2730 624 2792 Raucis
652 2742 682 2792 et
709 2732 861 2810 gravedini
888 2734 969 2792 vocis
998 2730 1163 2810 plurimum

149 2819 272 2896 prodest
291 2819 523 2900 tragacantbum,
543 2822 568 2880 si
588 2820 644 2881 sub
662 2820 762 2899 lingna
776 2820 827 2881 diu
846 2827 992 2900 teneatur,
1011 2828 1062 2880 aut
1076 2822 1163 2899 piper
1176 2837 1200 2876 eo

96 2918 131 2967 oo
151 2914 181 2966 et
199 2907 339 2987 paulatim
359 2907 455 2985 saliva,
480 2926 555 2986 quae
575 2909 696 2970 collecta
718 2910 817 2989 luerit,
841 2908 1006 2969 sorbeatur.
1041 2906 1162 2969 Raucus

150 2998 175 3053 si
199 3015 251 3056 ova
274 2998 390 3057 incocta
413 2999 545 3057 recentia
569 2997 683 3076 singula
706 2997 917 3076 pertriduum
944 2997 1063 3057 ieiunus
1089 2997 1162 3058 hau-

222 3164 309 3234 laic]
329 3165 360 3219 si.
451 3167 630 3235 4praedum.
712 3167 900 3222 ibumorem.
991 3167 1163 3223 cameriam

148 3232 315 3301 impeditam
335 3236 493 3290 dorcatius.
568 3243 600 3290 10
619 3236 815 3306 scyuuanthos.
890 3243 923 3292 to
942 3238 1075 3294 arteriam
1097 3254 1162 3293 con-

149 3304 275 3357 strictam
292 3303 451 3360 Oornarioa.
508 3305 652 3361 confricta
708 3313 743 3362 20
757 3309 930 3364 cumbustae.
985 3316 1018 3364 26
1038 3309 1163 3364 afroniti.

148 3375 178 3427 io
197 3378 241 3441 (=
261 3373 317 3441 ἰοῦ)
335 3377 450 3444 scripsi:
468 3375 534 3432 ioni.
608 3383 642 3431 27
661 3378 772 3451 subige]
792 3381 842 3435 sub
861 3380 936 3450 igne.
1008 3385 1043 3435 29
1062 3397 1162 3450 grave·

148 3444 220 3499 dine.
294 3452 328 3500 30
346 3447 516 3516 tangentum.
588 3449 708 3505 tenetur.
