2422 3878
504 124 747 188 -132-

86 304 101 352 1
121 292 182 349 riae
202 287 279 367 lacit,
298 287 510 347 reservandum
529 294 628 347 autem
646 292 692 345 est
710 284 818 364 pyxide
836 283 942 345 buxea.
972 285 1120 366 Arteriace,

121 395 179 456 qua
202 375 307 436 melior
330 394 390 436 non
413 382 468 457 cst,
490 376 621 436 relertur
643 380 742 434 antem
766 375 797 432 in
821 372 1018 453 Asclepiaden
1040 373 1120 434 medi·

121 483 189 525 cum
213 467 371 544 optimum,
396 465 466 525 lacit
489 463 525 524 ad
548 465 646 523 omnia
670 463 808 541 superius
832 460 910 522 dicta
933 469 965 522 et
988 460 1120 542 quidquid
1166 540 1168 549 Ι

120 555 151 613 in
170 555 288 614 arteriis
307 554 372 614 vitii
390 559 437 612 est
456 553 616 613 efficaciter
630 558 724 630 curat,
743 557 859 610 constat
877 568 914 611 ex
932 549 996 611 his:
1019 549 1121 630 Myrrae
1166 556 1168 561 '

120 644 247 720 optimae
267 642 387 720 pinguis
410 639 568 720 llllllllll,
591 637 776 718 tragacanthi
799 638 917 699 candidi
935 637 1138 718 xxxivdie

120 729 319 809 glycyrrhiaae
343 729 452 789 radicis
477 727 624 807 llXVlll,
652 729 769 787 resinae
797 726 1019 788 terebinthinae
1049 745 1124 788 verae

122 817 148 877 ll
166 816 294 878 XXXVI.
323 816 561 895 Tragacanthum
579 819 656 877 sicut
675 822 722 876 est
740 815 883 876 contundi
902 823 933 876 et
951 815 1124 894 peroribrari

121 907 205 966 tenui
223 906 368 965 foramine
388 913 514 986 oportet,
534 904 641 964 deinde
659 920 789 982 myrram
808 905 909 964 tritam
928 921 1068 965 seorsum
1086 904 1124 964 ad·

120 995 241 1053 misceri
264 1001 293 1054 et
316 1012 423 1054 rursus
447 1002 574 1073 utraque
597 995 629 1053 in
652 1010 746 1052 uuum
769 990 820 1052 diu
843 994 902 1052 teri
924 1001 1016 1071 atque
1040 995 1125 1054 itaiu

119 1081 208 1161 pilam
237 1083 313 1142 coici
345 1091 375 1142 et
409 1081 452 1142 ibi
487 1100 555 1142 cum
587 1079 792 1142 concaluerint
824 1082 922 1140 omnia
961 1083 1026 1142 ictu
1058 1081 1152 1162 pilaeo

120 1169 252 1250 assiduo,
280 1170 510 1232 terebinthinam
543 1168 684 1249 paulatim
712 1171 844 1248 misceri,
876 1169 973 1230 donec
1001 1172 1125 1231 omniurn

120 1260 218 1318 unitas
246 1259 312 1340 liat,
348 1268 452 1338 postea
484 1258 696 1338 glycyrrhizam
729 1264 883 1318 contusam
911 1266 942 1318 et
973 1257 1126 1320 cribratam

119 1349 319 1426 mortarioque
339 1347 431 1408 nihilo
449 1351 548 1408 minus
568 1346 726 1425 diligenter
744 1347 846 1406 tritam
864 1347 977 1405 sensim
996 1346 1127 1425 adspergi

120 1438 267 1496 convenit.
303 1436 361 1496 Sed
381 1436 432 1497 ubi
450 1437 524 1496 haec
542 1435 618 1495 bene
637 1437 728 1495 mixta
747 1434 867 1514 inerint,
885 1433 957 1493 dum
978 1434 1057 1496 calet
1074 1454 1127 1495 me·

119 1523 327 1605 dicamentnm‚
345 1524 447 1603 plures
466 1524 608 1586 accedant
624 1531 654 1584 et
667 1522 773 1602 pilulas
787 1522 896 1582 iaciant
909 1525 1004 1583 viciae
1022 1525 1126 1602 magni·
1137 1540 1155 1581 u

119 1614 231 1673 tudine.
264 1612 313 1673 Fit
332 1616 410 1673 enim
430 1615 489 1673 cito
509 1612 668 1672 durissima
686 1611 759 1671 haec
778 1612 922 1671 arteriace
940 1623 972 1671 et
990 1611 1050 1673 boc
1068 1615 1126 1692 ipso

117 1702 271 1781 praecedit
290 1708 413 1780 ceteras,
438 1703 506 1779 qnia
524 1701 641 1779 linguae
660 1698 793 1760 subiecta
812 1717 873 1759 non
892 1698 978 1760 lacile
999 1700 1127 1781 solvitur,

119 1799 149 1849 et
172 1793 212 1850 ita
235 1789 347 1850 diutius
371 1788 492 1848 exhibet
515 1788 696 1850 salubritatis
720 1788 867 1848 ellectum.

83 1890 99 1938 8
206 1877 360 1937 Brassicae
379 1878 489 1937 crudae
510 1876 612 1937 lolium
631 1877 779 1938 levissime
797 1879 899 1958 terito,
920 1894 957 1936 ex
975 1895 1010 1936 eo
1026 1896 1127 1938 sucum

84 1967 289 2045 eexprimito,
318 1983 377 2044 quo
405 1984 462 2025 uva
490 1973 625 2027 contacta
650 1971 788 2045 potenter
811 1963 992 2025 sublevatur.
1039 1965 1155 2027 Prnniro

119 2052 187 2112 lolia
211 2055 272 2113 sive
295 2055 381 2113 sativi
404 2072 458 2114 seu
482 2053 628 2115 silvestris
656 2072 692 2114 ex
715 2055 783 2113 vino
807 2052 930 2114 decocta
957 2061 989 2114 et
1012 2057 1128 2132 saepius

66 2152 100 2200 10
119 2140 293 2217 gargaliaata
316 2159 403 2202 uvam
422 2141 538 2203 resilire
558 2141 747 2220 compellunt.
785 2140 883 2201 Gallae
901 2143 991 2202 tritae
1009 2143 1128 2221 pulvere

118 2246 174 2287 uva
198 2235 331 2289 contacta
355 2230 459 2290 eodem
484 2231 530 2291 die
554 2231 664 2312 resilit,
692 2232 718 2290 si
741 2238 788 2290 ter
811 2233 839 2291 ei
861 2232 1028 2291 interiectis
1050 2231 1128 2291 horis

67 2328 98 2376 11
118 2316 301 2375 medicamen
330 2318 421 2378 fuerit
450 2318 626 2396 adpositum.
673 2318 784 2397 Capitis
807 2321 916 2379 summi
939 2321 1083 2380 verticem
1107 2322 1128 2380 si

118 2406 185 2482 quis
210 2423 295 2464 uvam
320 2404 466 2466 laboranti
491 2407 625 2468 mordeat
649 2408 778 2486 inopino,
801 2409 882 2467 omni
901 2424 971 2467 eum
994 2407 1158 2469 molestias

66 2505 98 2553 12
117 2491 262 2553 liberabit.
297 2493 331 2554 ln
350 2496 498 2573 principio
518 2495 629 2555 doloris
648 2514 703 2555 uva
723 2494 799 2555 bene
813 2493 995 2576 sublevatur,
1015 2498 1041 2556 si
1056 2515 1128 2576 aqua

67 2594 99 2642 13
118 2582 223 2660 frigida
244 2581 289 2642 vel
308 2602 398 2661 posca
417 2584 538 2645 adsidue
557 2583 760 2663 gargalizetur.
793 2583 912 2644 Lotinm
928 2591 1014 2644 vetus
1029 2585 1128 2645 huma·

118 2689 190 2731 num
214 2672 328 2732 adiecto
353 2691 440 2733 croco
464 2672 500 2732 ab
524 2675 618 2733 inscio
642 2691 679 2732 ne
703 2671 833 2732 fastidiat
856 2681 976 2750 epotum
1000 2672 1047 2732 vel
1066 2693 1128 2752 gar·

117 2760 272 2838 galizatum
301 2763 410 2822 mirum
439 2764 469 2821 in
496 2762 617 2822 modum
646 2778 733 2820 uvam
755 2761 892 2839 reprimit
919 2768 949 2821 et
972 2765 1128 2823 consumit.

65 2862 99 2908 14
119 2848 200 2909 Ciuis
228 2857 371 2910 testarum
400 2857 536 2910 uslarum
564 2868 599 2909 ex
622 2851 729 2909 ostreis
753 2866 822 2910 cum
845 2847 932 2908 melle
955 2853 1129 2911 tenuissime
1140 2867 1160 2908 eo

67 2947 99 2997 15
120 2941 267 2998 contritus
291 2957 363 2999 uvae
386 2938 488 2998 inlitus
511 2937 642 3017 prodest.
680 2936 758 2998 Rubi
781 2936 900 2998 coliculi
917 2940 1018 2998 teneri
1037 2940 1129 3000 disco·

118 3036 252 3102 quuntur
275 3045 311 3086 ex
334 3029 400 3087 vino
423 3027 512 3106 idque
531 3029 633 3086 vinum
650 3025 854 3107 gargalizetur,
873 3025 953 3104 quod
972 3028 1129 3089 confestim

191 3200 204 3245 1
224 3196 433 3265 reservandum]
458 3196 625 3250 servandum
645 3194 804 3252 Cercetius.
877 3202 895 3250 4
913 3196 1038 3269 arteriis]
1058 3199 1130 3252 arhe-

118 3261 333 3317 nodomarius.
388 3266 472 3318 vitiis.
527 3267 736 3334 oclycyriizae.
791 3267 942 3337 soponit.
998 3273 1032 3321 10
1047 3269 1129 3323 iectu.

119 3338 152 3384 11
171 3333 383 3388 terebentinam.
471 3341 503 3388 12
522 3334 708 3404 glicaeriaam.
793 3343 826 3392 15
844 3339 939 3394 vitiae.
1024 3345 1057 3394 16
1077 3341 1128 3393 hoo

118 3419 168 3457 om.
242 3407 274 3456 17
293 3401 357 3458 fale.
421 3410 455 3457 20
474 3405 638 3474 exprimeto.
702 3413 735 3462 22
754 3408 875 3466 resilere.
935 3413 970 3462 sb
988 3408 1127 3466 liberauit.

118 3478 151 3527 27
171 3473 335 3545 humanum]
354 3473 505 3530 hominum.
