2422 3878
517 135 646 205 ...42
690 171 734 180 -

119 298 240 360 adsidue
263 296 362 357 bulbis
386 299 480 376 tritis,
508 297 621 358 sulfure
647 300 712 357 vivo
736 305 766 357 et
790 299 857 357 vino
880 296 959 357 bono
982 298 1014 358 in
1037 314 1131 357 unum

83 387 283 466 apermixtis.
324 385 398 445 ltem
426 386 548 464 prodest
574 386 672 446 cedria
696 393 812 446 tantum
835 403 948 464 ungere
971 396 1063 463 caput
1087 383 1131 444 vel

82 475 173 536 aalio
197 476 268 534 trito
292 482 323 535 et
346 482 429 534 aceto
453 483 484 535 et
502 477 589 535 nitro.
628 475 732 535 Farina
757 473 878 535 feniculi
897 492 933 535 ex
952 475 1022 534 vino
1041 475 1132 552 capiti

117 564 237 624 inducta
261 564 428 641 porrigines
457 571 613 644 expurgat3
643 563 773 623 furfures
802 581 921 643 quoque
944 562 1024 624 idem
1048 579 1132 642 prae-

81 665 99 715 4
119 661 206 732 stant,
226 653 251 710 si
271 662 359 730 caput
378 651 446 711 inde
466 651 587 712 adsidue
606 654 636 711 in
652 650 757 711 balneo
776 651 883 713 luatur.
921 650 1076 732 llysopum
1096 665 1157 711 exa

82 755 98 804 o
118 741 182 802 oleo
204 743 308 801 tritum
328 747 358 800 et
376 738 550 800 instillatum
570 742 659 818 capiti
678 741 811 819 pityriasi
832 740 978 801 medetur.
1016 735 1132 820 (Ovis)

119 849 154 890 ex
174 831 241 890 vino
262 836 292 888 et
310 828 374 888 oleo
394 838 423 887 et
442 828 542 888 cedria
561 831 711 906 pruritum
731 828 919 907 scabiemque
939 829 1045 907 capitis
1070 827 1133 888 tolli

84 918 309 981 amanitestum
343 923 401 995 est,
434 918 460 976 si
487 927 616 994 ungatur
643 917 775 977 adsidue.
819 916 993 996 Prurigines
1027 918 1133 995 capitis

119 1008 243 1068 discutit
265 1004 305 1065 iel
328 1005 447 1065 ovillum
470 1006 587 1066 inlitum
610 1024 678 1065 cum
703 1013 783 1065 creta
799 1005 930 1086 Cimolia,
954 1005 1049 1066 donec
1069 1022 1132 1066 are·

83 1104 194 1159 ascet:
230 1096 340 1155 mirum
368 1102 421 1154 est.
469 1093 586 1154 Nitrum
614 1093 736 1154 alumini
768 1094 931 1154 admixtum
959 1096 1131 1173 prurigines
1144 1108 1166 1148 m

83 1198 99 1248 8
120 1185 224 1263 capitis
243 1182 328 1261 tollit,
348 1184 374 1241 si
393 1181 461 1242 inde
481 1183 653 1261 frequenter
672 1182 797 1243 fricetur
816 1191 846 1244 et
864 1182 987 1244 lavetur.
1024 1180 1130 1243 Ulcera

119 1275 149 1333 in
174 1274 268 1350 capite
292 1278 442 1350 tamquam
465 1274 605 1350 proprius
628 1270 750 1331 morbus
778 1273 937 1350 praecipue
965 1271 1131 1332 infantibus

118 1369 298 1439 nascuntur,
331 1358 383 1419 sed
416 1368 446 1420 et
474 1362 553 1420 viros
580 1370 610 1420 et
637 1359 778 1420 mulieres
806 1363 935 1439 graviter
962 1359 1130 1420 molestant

118 1449 197 1509 llaec
221 1466 292 1526 ergo
316 1447 382 1508 felle
406 1450 523 1509 taurino
546 1466 615 1508 cum
637 1456 721 1509 aceto
744 1449 891 1528 tepefacto
915 1448 998 1510 inlita
1017 1449 1132 1508 efficaci

83 1551 98 1600 9
119 1537 250 1598 remedio
270 1545 420 1612 sanantur.
459 1537 568 1597 Serum
586 1536 670 1596 vituli
689 1555 757 1596 cum
780 1537 840 1597 sale
859 1537 1015 1598 subactum
1036 1536 1132 1599 utilis·
1144 1551 1166 1592 ra

67 1640 100 1689 10
120 1629 193 1687 sime
217 1625 375 1689 adhibetur
397 1627 540 1704 pityriasi.
578 1624 733 1684 'lectarum
752 1626 900 1686 muricum
919 1625 966 1687 vel
984 1643 1132 1706 purpura·

118 1734 185 1775 rum
209 1723 381 1775 exustarum
405 1716 536 1773 cinerem
559 1730 595 1772 ex
620 1711 705 1772 melle
729 1713 881 1774 ulceribus
902 1716 1008 1794 capitis
1028 1715 1132 1792 inponi

67 1818 97 1865 11
119 1811 244 1882 oportet.
291 1801 388 1862 Alium
417 1819 485 1861 cum
515 1818 567 1860 sua
595 1810 675 1861 reste
704 1802 882 1863 conburitur
908 1805 1044 1882 cinisque
1067 1805 1132 1863 eius

66 1905 98 1954 12
119 1912 154 1953 ex
187 1892 252 1951 oleo
281 1893 370 1969 capiti
403 1889 539 1949 ulceroso
567 1891 728 1968 inponitur.
775 1890 880 1951 Oleum
913 1891 1131 1971 amygdalinum

67 1994 98 2043 13
119 1998 186 2041 cum
211 1982 277 2039 vino
302 1980 413 2057 optimo
437 1979 616 2056 permixtum
640 1987 784 2058 expurgat
807 1981 912 2059 capitis
932 1982 1009 2040 vitia.
1051 1979 1167 2040 Foliam

118 2067 194 2146 rubi,
217 2069 248 2126 in
273 2085 331 2146 quo
354 2083 437 2126 mora
460 2074 632 2147 nascuntur,
655 2067 737 2127 arida
756 2071 884 2129 contrita
904 2071 995 2147 capiti
1013 2070 1130 2147 insper-

118 2163 229 2235 guntur
261 2165 291 2215 et
306 2192 308 2196 »
323 2155 453 2233 desuper
484 2154 550 2215 lana
582 2156 685 2216 sucida
713 2164 742 2215 et
775 2157 876 2217 charta
907 2159 1130 2237 superponitur.

66 2259 99 2307 14
118 2244 209 2304 Malva
238 2246 364 2303 erratica
387 2262 456 2304 cum
479 2247 564 2304 urina
588 2244 724 2323 bumana,
747 2245 777 2304 id
801 2254 848 2306 est
869 2245 986 2326 puerili,
1010 2249 1131 2307 tritaet

64 2348 98 2395 15
119 2333 246 2411 inposita
270 2331 351 2392 valde
376 2334 468 2393 siccat
491 2335 595 2412 capitis
618 2351 746 2393 umores.
795 2333 900 2395 Omnia
928 2342 1027 2396 autem
1054 2337 1131 2414 capi·

117 2424 156 2483 tis
181 2421 294 2499 ulcera,
317 2439 386 2480 cum
408 2429 533 2500 purgata
556 2429 638 2502 sunt,
661 2421 876 2483 iucundissime
900 2424 936 2484 ad
960 2425 1130 2484 cicatricem
1145 2434 1168 2476 ’ὅ

118 2509 324 2590 perducuntur
348 2511 405 2570 sic:
440 2510 567 2588 Spumae
591 2513 706 2589 argenti
729 2518 835 2571 tunsae
859 2511 966 2572 selibra
990 2520 1021 2572 et
1044 2530 1131 2573 cerae

118 2597 205 2678 libra,
229 2616 368 2659 cerussae
391 2598 475 2677 libra,
499 2598 556 2658 olei
580 2601 695 2659 rosacei
718 2597 801 2681 libra,
828 2619 896 2660 cum
919 2601 1079 2679 liquefacta
1102 2608 1132 2661 et

119 2689 208 2748 mixta
232 2695 262 2748 et
284 2690 353 2748 trita
374 2686 485 2748 fuerint
503 2688 585 2767 haec,
611 2688 827 2766 refrigerantur
846 2698 876 2749 et
895 2690 1066 2750 adiciuntur
1085 2689 1133 2749 bis

118 2795 242 2837 ovorum
264 2780 451 2838 incoctorum
476 2784 615 2855 quattuor
639 2775 726 2857 lutea,
750 2777 779 2836 id
799 2786 846 2837 est
863 2777 970 2857 vitella,
994 2786 1024 2838 et
1043 2777 1133 2839 simul

118 2865 228 2943 pistillo
243 2868 274 2927 in
285 2869 426 2927 mortario
441 2866 661 2944 permiscentur
675 2874 763 2942 atque
777 2865 845 2926 inde
861 2867 1014 2927 inducitur
1028 2874 1133 2947 caput:
1146 2879 1170 2919 ³⁰

67 2968 99 3015 16
119 2956 227 3013 mirum
246 2955 410 3015 remedium
431 2954 602 3032 experieris.
632 2952 782 3013 Nasturcii
797 2971 898 3015 semen
913 2957 1039 3016 mixtum
1054 2955 1136 3034 adipi

120 3044 273 3101 anserinae
295 3045 459 3122 tritumque
484 3042 616 3102 iurlures
640 3043 745 3119 capitis
769 3041 891 3104 adsidua
914 3043 1059 3104 lavatione
1085 3045 1136 3105 de-

68 3142 100 3190 17
120 3127 210 3207 pellit.
247 3129 336 3190 Betae
359 3132 463 3192 viridis
487 3138 629 3192 contusae
652 3148 887 3210 expressaequae
911 3150 983 3193 suco
1007 3135 1136 3212 porrigi·

121 3234 228 3276 nosum
255 3224 344 3296 caput
371 3219 544 3297 frequenter
567 3220 599 3279 in
622 3217 726 3279 balneo
750 3219 844 3280 lotum
867 3222 949 3280 omni
972 3220 1041 3282 tabe
1064 3240 1137 3301 pur·

192 3432 208 3480 3
233 3422 361 3494 feniculi]
386 3422 444 3476 feni
469 3423 563 3492 graeci
586 3424 662 3480 Plio.
771 3431 786 3480 5
810 3426 960 3497 hysopum]
988 3444 1137 3499 oesypum.

121 3501 137 3549 6
156 3497 216 3552 ovis
235 3495 334 3551 addidi
351 3511 365 3550 e
385 3494 464 3549 Plio.
538 3498 570 3548 18
589 3497 661 3552 reate
679 3496 771 3552 Ptin:
790 3501 876 3552 veste.
