2422 3878
564 120 805 184 ..300-

177 286 257 365 vitia,
281 302 355 362 quae
380 303 416 344 ex
439 284 549 362 frigore
569 290 620 343 aut
637 282 738 342 labore
758 290 809 343 aut
826 282 971 360 indigerie
991 291 1093 365 erunt,
1114 287 1199 347 miri·

124 385 158 434 57
178 374 233 432 fiee
253 372 379 433 sanabis.
409 372 527 432 Lotium
546 371 708 432 humanum
727 378 813 431 vetus
828 371 941 431 adiecto
956 371 1080 448 paululo
1095 393 1199 459 eroco,

178 461 258 539 quod
281 461 402 522 odorem
426 462 491 521 eius
515 459 661 539 emendet,
684 461 834 538 ignoranti
855 461 940 537 potui
963 459 1066 521 datum
1092 481 1199 542 quam-

176 551 221 610 vis
248 559 364 611 veteres
396 560 426 609 et
457 547 584 608 latentes
611 550 780 608 Interaneos
808 547 929 608 morbos
961 556 991 609 et
1018 554 1139 614 vomitu
1169 563 1198 615 et

177 638 394 700 deiectionibus
417 637 574 697 concitatis
596 638 803 713 potentissime
826 635 950 696 sanabit

125 738 160 788 66
268 724 484 787 Laborantibus
508 732 652 805 tenesmo,
674 725 705 785 iu
728 732 775 785 est
798 727 850 803 qui
873 725 909 785 de
928 725 1127 802 perfrictione
1149 730 1198 791 ad·

177 815 262 875 sidue
290 814 396 875 sedere
424 814 549 892 cupiunt
577 821 608 874 et
633 812 707 874 nibil
730 813 876 893 deiciunt,
904 813 948 873 lac
972 813 1122 876 bubulum
1147 818 1198 879 de·

124 914 158 963 69
177 910 295 963 coctum
310 901 483 980 frequenter
497 909 600 981 potum
614 903 740 962 marIme
755 901 886 979 prodest.
916 901 1010 962 Holus
1024 902 1197 968 discoctum

177 1007 245 1050 cum
274 990 333 1050 sale
361 988 523 1069 plurimum
551 997 702 1068 sumptum
726 990 883 1050 adversum
906 998 1077 1052 tenesmum
1100 996 1197 1076 iuvat,

177 1087 275 1138 ostrea
304 1096 423 1157 quoque
454 1096 490 1138 ex
523 1078 619 1138 mulso
653 1086 683 1138 et
714 1081 817 1157 pipere
849 1087 933 1138 cocta
965 1079 1083 1140 utiliter
1117 1086 1194 1144 aoei-

124 1178 158 1226 60
177 1168 310 1244 piuntur.
346 1165 431 1227 Potio
451 1184 572 1245 asperso
591 1165 719 1246 plurimo
738 1169 841 1245 pipere
861 1166 917 1227 sub
936 1176 1056 1228 noctem
1076 1171 1194 1233 calidis·

177 1256 251 1315 sime
272 1262 389 1334 sumpta
409 1273 525 1316 summo
539 1254 672 1315 remedio
686 1255 845 1316 adversum
860 1262 1025 1316 tenesmum
1040 1274 1112 1319 esse
1127 1279 1196 1322 oon-

124 1355 157 1403 61
178 1345 283 1404 suevit.
317 1343 463 1405 Senectus
487 1345 591 1421 anguis
615 1361 683 1403 cum
702 1344 768 1404 oleo
787 1361 909 1404 rosaceo
929 1344 1052 1405 decocta
1072 1348 1107 1408 in
1127 1368 1195 1410 vaso

177 1441 298 1512 stagneo
322 1440 411 1512 atque
435 1431 518 1492 iuIIta
541 1433 651 1510 ventri,
674 1433 701 1491 si
723 1440 821 1492 tamen
845 1431 905 1492 illic
929 1450 988 1492 non
1012 1435 1052 1494 sit
1076 1438 1195 1499 exulce-

176 1524 261 1602 ratio,
285 1529 418 1582 tenesmo
442 1520 573 1580 remedio
598 1527 652 1579 est.

122 1620 157 1670 62
266 1608 315 1669 lus
338 1612 465 1689 piscium
488 1610 670 1668 marmorum
693 1609 723 1667 in
742 1609 842 1685 patina
861 1627 929 1669 cum
948 1608 1073 1670 lactucis
1094 1622 1194 1675 cocto·

124 1710 157 1758 63
177 1715 244 1757 rum
268 1696 383 1758 utiliter
406 1696 563 1756 adversum
586 1704 754 1757 tenesmum
777 1695 925 1758 sorbetur.
968 1697 1052 1776 Aqua
1076 1705 1194 1763 marina

177 1804 212 1845 ex
237 1785 295 1847 alto
318 1786 456 1846 hauritur
479 1792 509 1845 et
532 1792 667 1845 servatur
690 1786 721 1844 iu
745 1791 922 1845 vetustatem
947 1804 980 1846 ac
999 1795 1106 1865 postea
1126 1809 1193 1852 cum

177 1876 245 1934 vino
274 1881 394 1934 austero
422 1872 549 1954 bibitur3
577 1873 683 1934 deinde
712 1873 808 1933 ralani
837 1874 1066 1956 manducantur,
1095 1888 1132 1939 ut
1156 1881 1194 1939 sit

124 1973 158 2022 64
177 1964 306 2023 vomitus
329 1963 453 2042 lacilior,
477 1964 528 2041 qui
551 1964 678 2022 tenesmi
696 1980 801 2022 causas
819 1962 958 2024 effundat.
993 1962 1112 2026 Herbae
1133 1977 1193 2029 ret·

178 2053 292 2112 tonicae
322 2051 390 2112 lolia
418 2053 449 2112 in
477 2050 582 2111 umbra
611 2050 739 2111 arelacta
767 2059 797 2110 et
824 2058 913 2111 tunsa
939 2051 1131 2132 cribrataque
1158 2057 1194 2118 ad

178 2139 342 2216 scripulum
376 2158 470 2200 unum
502 2158 539 2199 ex
571 2157 664 2216 aquae
695 2137 806 2199 calidae
835 2140 949 2218 cyathis
977 2139 1093 2202 duobus
1122 2153 1194 2223 pota

178 2229 289 2303 optIme
312 2234 439 2304 prosunt
462 2225 575 2305 absque
597 2226 658 2305 his,
686 2225 795 2304 quibus
819 2245 856 2286 ex
879 2227 1194 2295 cruditate-intestina

124 2323 158 2372 66
178 2320 365 2391 torquentur.
394 2313 501 2393 Herba,
521 2331 596 2392 quae
611 2332 813 2393 pycnocomon
829 2315 947 2397 dicitur,
966 2319 1036 2377 trita
1051 2336 1089 2378 ex
1102 2338 1194 2398 passo

176 2400 222 2461 vel
249 2400 346 2461 mulso
375 2401 420 2461 vel
449 2419 576 2461 caroeno
605 2410 691 2480 epota
719 2404 929 2464 intestinorum
960 2405 1092 2466 dolorem
1123 2428 1193 2489 pro·

123 2501 156 2549 66
178 2490 258 2550 tinus
278 2489 369 2550 sedat.
400 2488 507 2550 Scillae
526 2489 608 2550 albae
630 2523 667 2532 —-
689 2490 702 2550 1
723 2499 753 2551 et
772 2510 887 2571 myrrae
907 2494 1053 2554 victoriati
1072 2498 1194 2573 pondus

176 2577 300 2639 adiectis
323 2579 415 2640 aridIs
437 2579 502 2639 licis
526 2578 643 2640 duobus
666 2580 697 2640 in
716 2598 809 2640 unum
828 2580 948 2660 subIges
967 2589 998 2642 et
1016 2584 1137 2646 ieIunus
1157 2606 1193 2648 ex

123 2678 156 2727 66
176 2669 244 2727 vino
259 2686 341 2728 mero
356 2686 470 2729 sumes:
487 2669 624 2747 protinus
640 2670 752 2729 ventris
767 2668 868 2729 dolore
883 2669 1071 2731 relevaberis
1100 2672 1195 2736 Lauri

176 2759 274 2818 teneri
297 2757 364 2817 lolia
388 2765 475 2818 tunsa
499 2758 583 2816 etin
607 2763 726 2816 austero
750 2758 818 2817 riuo
843 2759 913 2817 trita
937 2759 1071 2820 convulsi
1094 2763 1194 2825 utiIIs·

123 2856 156 2905 66
177 2847 250 2906 slme
269 2854 381 2925 potant.
415 2844 537 2906 Stercus
557 2847 709 2906 verrinum
725 2863 780 2924 per
794 2864 826 2906 se
842 2845 999 2908 collectum
1014 2848 1192 2913 arefactum·

177 2953 234 3012 que
262 2942 293 2995 et
320 2953 388 2995 cum
416 2937 484 2995 vino
512 2936 598 3012 potui
625 2934 726 2995 datum
749 2934 955 2995 efficacissIme
978 2936 1138 2999 convulsos
1163 2950 1194 3003 et

175 3031 308 3084 reumata
332 3031 424 3083 sanat.

264 3193 422 3259 apaulolo.
500 3198 533 3246 12
551 3193 688 3248 tenesmo.
765 3198 798 3246 18
817 3193 932 3247 auritur.
1005 3200 1040 3248 24
1057 3212 1192 3266 pyemon,

175 3263 291 3315 correct.
338 3266 372 3314 26
392 3261 495 3317 carino.
542 3269 575 3317 26
596 3263 710 3334 Soillae]
732 3263 816 3318 Totus
833 3264 877 3318 bie
892 3264 967 3320 locem
984 3282 1002 3319 a
1021 3271 1084 3330 §66
1104 3283 1192 3336 esque

175 3333 212 3386 ad
229 3348 289 3400 cap.
305 3331 435 3386 XXVIIII
452 3338 467 3397 5
482 3339 497 3387 6
516 3336 634 3402 exceptu
650 3335 739 3389 verbio
757 3335 794 3388 ad
812 3333 868 3388 ooli
885 3333 1059 3390 inflationem
1075 3367 1109 3377 -
1124 3355 1190 3406 oya-

174 3401 230 3455 this
245 3403 386 3470 quattuor,
401 3419 470 3471 quae
482 3409 548 3457 aunt
559 3406 592 3458 in
605 3409 647 3468 54
661 3405 778 3458 eiusdem
791 3406 918 3473 capitula}
932 3408 1009 3476 apud
1020 3405 1190 3464 Camurium

174 3471 352 3528 desideratur.
425 3472 535 3528 mitrae.
607 3480 642 3528 30
659 3475 803 3543 potentur.
876 3482 909 3530 62
928 3478 1078 3534 thremate
