2422 3878
546 138 764 202 ..80-

151 322 184 362 ao
213 309 315 380 postea
343 303 373 361 in
402 300 488 360 ollam
513 300 632 361 fictilem
657 319 761 361 novam
791 300 982 360 coniciuntur
1007 303 1159 380 cumipse

152 398 249 470 aceto,
274 407 361 468 quam
385 388 460 450 bene
483 397 616 468 opertam
640 392 671 449 in
691 391 799 467 equino
820 397 951 448 stercore
971 388 1061 449 obrui
1080 407 1159 469 opor-

152 486 194 539 tet
218 489 305 557 atque
328 478 389 538 illic
412 477 516 538 haberi
539 496 593 557 per
616 478 679 538 dies
698 476 762 558 XL,
786 485 888 556 postea
909 477 983 536 baec
1006 480 1159 556 permixtio

152 570 183 627 in
211 567 272 627 sole
301 568 418 626 arefieri
445 565 534 626 debet
566 585 599 627 ac
627 565 734 626 deinde
763 566 820 626 teri
849 573 878 625 et
908 573 972 625 tum
1001 584 1080 644 aqua
1103 564 1158 646 plu·
1199 608 1202 663 ,

152 654 220 715 viali
248 655 368 734 collyria
396 656 518 714 formari
542 657 692 735 convenit,
720 654 757 714 de
782 653 890 732 quibus
914 662 944 714 et
967 655 1073 733 inungi
1098 671 1202 716 ocu-r¹

152 744 209 823 los,
239 752 271 804 ut
295 761 385 822 supra
409 745 553 822 scriptum
578 752 636 824 est,
660 744 758 803 causis
781 742 920 820 gravibus
943 741 1114 804 laborantes
1135 751 1161 803 00

101 831 304 911 mesuperlini
327 834 471 911 optimum
495 838 548 891 est.
591 831 634 892 Ad
659 830 814 892 oculorum
838 850 954 891 omnem
980 830 1114 892 dolorem
1136 840 1160 892 et

152 928 338 1000 praesentem
368 928 397 980 et
424 928 554 980 veterem
583 928 612 980 et
641 919 676 979 ad
705 919 859 997 caliginem
883 927 972 998 atque
997 919 1160 1000 albuginem

153 1020 182 1069 et
209 1011 359 1088 pruritum
388 1017 476 1088 atque
505 1011 670 1089 antiquam,
700 1018 732 1069 ut
754 1011 794 1068 ita
818 1008 955 1087 dixerim,
984 1011 1159 1071 caecitatem.

152 1098 225 1157 Nam
250 1107 283 1157 ut
307 1099 421 1158 auctori
443 1098 532 1158 huius
556 1097 680 1158 remedii
708 1097 744 1157 de
773 1099 975 1175 experimento
1000 1099 1186 1175 credamustt

154 1185 310 1247 duodecim
338 1205 483 1247 annorum
512 1204 599 1246 caeco
628 1187 705 1246 intra
733 1184 796 1245 dies
825 1187 929 1264 viginti
953 1187 1052 1247 visum
1081 1189 1158 1247 resti·

153 1277 246 1335 tuisse
276 1293 307 1335 se
335 1275 415 1336 dicit.
462 1275 578 1346 Quanto
607 1282 705 1335 autem
732 1276 882 1334 recentior
905 1274 1045 1334 valetudo
1078 1276 1159 1336 fuerit

153 1363 317 1444 oculorum,
341 1371 422 1424 tanto
446 1363 577 1424 velocius
601 1362 755 1423 curabitur
778 1363 972 1423 medicamine
999 1363 1061 1424 tali.
1104 1363 1159 1424 Col·

152 1451 223 1531 lycia
244 1452 330 1513 multi
349 1455 476 1534 genecio,
500 1453 530 1514 id
550 1461 596 1512 est
615 1451 659 1511 vel
679 1452 780 1511 decem
801 1451 1031 1533 confectionum,
1052 1451 1160 1531 aequali

151 1541 196 1600 vel
221 1559 346 1601 nurnero
365 1540 411 1602 vel
430 1541 560 1620 pondere
583 1539 723 1601 infundes
742 1542 773 1599 in
796 1539 901 1600 lotium
925 1542 1013 1618 pueri
1043 1542 1186 1620 virginiso

153 1629 240 1689 etad
265 1633 366 1691 uncias
391 1629 522 1708 singulas
547 1628 745 1709 collyriorum,
765 1647 840 1707 quae
863 1628 1019 1709 infuderis,
1044 1638 1159 1708 septena

152 1736 242 1796 grana
270 1720 383 1798 piperis
411 1720 442 1777 in
471 1720 611 1777 mortario
639 1717 732 1778 nitido
762 1716 986 1796 diligentissime
1013 1725 1108 1798 teres,
1132 1724 1159 1778 ut

151 1808 304 1885 pulverem
334 1806 559 1867 subtilissimum
591 1806 679 1866 facias
712 1814 741 1866 et
770 1824 837 1866 cum
867 1804 962 1866 mellis
986 1808 1094 1884 optimi
1117 1807 1158 1867 de·

153 1897 281 1973 spumati
309 1894 493 1955 coclearibus
521 1893 619 1954 tribus
647 1893 785 1955 miscebis
814 1902 844 1954 et
871 1897 980 1954 iterum
1007 1894 1159 1974 diligenter

152 1993 245 2063 teres,
265 1991 367 2061 postea
387 1981 475 2042 simul
495 1984 658 2043 confundes
678 1984 785 2063 omnia,
804 1983 833 2043 id
850 1992 895 2042 est
910 1982 1041 2064 collyria,
1060 1983 1185 2044 lotione

153 2080 182 2130 et
205 2074 291 2149 piper
314 2072 386 2132 illud
410 2090 478 2132 cum
501 2071 587 2131 melle
612 2079 641 2131 et
664 2075 774 2132 iterum
797 2070 964 2132 diutissime
987 2090 1022 2133 ac
1042 2072 1158 2151 diligen-

152 2162 265 2218 tissime
290 2168 369 2219 teres
393 2159 610 2239 collectumque
632 2161 724 2220 nitide
748 2161 779 2220 in
804 2159 911 2239 pyxide
931 2179 1042 2240 cuprea
1061 2179 1158 2222 recon·
1182 2178 1185 2183 ·

152 2248 204 2307 des
228 2254 316 2326 atque
340 2267 376 2308 ex
400 2267 434 2308 eo
459 2248 620 2327 quemlibet
644 2248 799 2309 oculorum
823 2251 990 2309 caesarium
1015 2251 1112 2330 intus,
1134 2248 1159 2309 id

152 2346 197 2395 est
221 2338 297 2395 intra
322 2337 433 2417 oculos,
452 2339 586 2415 inunges.
622 2336 706 2407 Quod
727 2339 752 2397 si
771 2355 825 2416 per
844 2346 961 2416 tempus
979 2337 1159 2411 medicamen

152 2428 310 2503 spissatum
339 2425 441 2506 fuerit,
474 2426 578 2486 lotium
611 2426 725 2504 puerile
758 2426 878 2486 infantis
911 2434 1056 2505 quantum
1090 2435 1187 2505 opustt

152 2513 251 2594 fuerit,
276 2521 308 2574 ut
331 2533 413 2574 more
438 2514 552 2594 collyrii
575 2514 720 2593 liquidum
743 2515 802 2593 frat,
825 2514 964 2575 infundes
988 2521 1018 2574 et
1041 2517 1085 2575 sic
1109 2515 1160 2576 sub

152 2603 220 2661 cilio
245 2610 274 2662 et
297 2603 459 2684 palpebris,
483 2603 512 2663 id
537 2612 582 2663 est
605 2605 683 2663 intra
707 2602 817 2683 oculos,
844 2605 921 2663 sicut
944 2602 1085 2684 diximus,
1110 2604 1160 2664 sol-

152 2690 231 2751 licite
255 2693 389 2771 inunges.
432 2693 494 2753 Hoc
518 2693 712 2752 medicamine
736 2690 838 2750 multis
861 2693 1074 2769 experimentis
1099 2711 1160 2771 pro-

152 2779 219 2841 bato
244 2790 359 2842 constat
382 2782 456 2842 nibil
480 2799 545 2841 esse
568 2782 782 2860 praestantius,
810 2781 836 2838 si
860 2781 927 2858 quis
951 2798 985 2840 eo
1010 2787 1112 2841 castus
1135 2788 1162 2841 00

100 2881 149 2931 127
156 2889 249 2950 purus
274 2879 383 2932 utatur.
420 2870 602 2930 Medicamen
626 2868 813 2929 barbaricum
833 2868 868 2927 ad
888 2870 985 2928 omnis
1003 2869 1192 2930 oculorumu

152 2978 255 3019 causas
277 2960 320 3020 vel
339 2961 477 3040 impetuS,
502 2960 562 3017 sive
582 2961 641 3018 sint
660 2956 757 3018 scabri
777 2963 807 3017 et
825 2955 974 3017 lacrimosi
993 2959 1055 3017 sive
1075 2960 1163 3019 etiam

152 3048 328 3107 vermiculos
352 3047 479 3109 babeant
502 3054 553 3106 aut
577 3045 736 3127 brigantes,
760 3047 812 3124 qui
838 3045 904 3105 cilia
927 3063 1010 3105 arare
1033 3046 1163 3107 000001-

152 3151 254 3192 cerere
278 3135 382 3196 solent.
419 3136 451 3196 ln
476 3135 562 3196 ollam
586 3135 691 3195 rudem
715 3136 816 3194 mittes
840 3141 901 3194 tres
922 3136 1068 3194 sextarios
1089 3137 1164 3196 aceti

152 3223 289 3281 acerrimi
319 3233 348 3282 00
376 3225 506 3302 ferrum,
539 3223 569 3283 id
603 3230 648 3283 est
680 3221 777 3282 clavos
809 3230 924 3283 veteres
953 3223 1086 3283 minutos
1120 3223 1166 3284 vel

152 3309 206 3369 alia
237 3310 390 3370 minutalia
418 3312 489 3370 ferri
517 3318 645 3391 vetusta,
673 3321 703 3371 et
731 3311 851 3372 claudes
881 3311 967 3371 ollam
996 3311 1201 3393 diligemensi

151 3397 325 3476 operculum
356 3401 486 3460 tenuiter
514 3399 676 3477 pertundes
705 3408 734 3460 00
761 3402 792 3460 in
820 3399 871 3459 illo
900 3400 1044 3461 foramine
1071 3420 1167 3480 pones

152 3495 202 3547 aut
226 3505 349 3547 cannam
373 3495 423 3549 aut
446 3488 619 3549 sambucum
641 3489 828 3568 perforatam,
848 3488 927 3549 unde
946 3489 1054 3550 habeat
1073 3492 1168 3570 spira-
