2452 3878
443 132 684 198 -147-

59 295 106 356 vel
129 313 203 373 quae
227 295 304 355 intra
328 314 362 355 os
385 294 486 355 dolent
509 296 649 356 conficies
672 296 728 356 sic:
756 294 872 373 Piperis
897 327 934 337 —
961 294 983 372 l,
1006 295 1068 363 lolii

59 415 101 426 -
122 383 148 463 l,
172 385 270 462 spicae
294 384 379 443 nardi
403 376 443 469 ,Q
462 383 529 463 XIl,
553 401 668 463 myrrae
692 375 732 468 ,Q
752 381 819 462 Xll,
847 385 923 443 costi
946 376 987 468 2·
1006 383 1069 465 XII,

59 474 155 532 casiae
174 471 289 532 fistulae
309 464 427 557 7ΦΧΗ,
447 471 527 532 31333
545 465 663 557 21111,
680 479 780 549 guttae
799 472 975 532 ammoniaci
988 505 1033 514 -
1046 471 1068 552 l,

59 559 246 621 dactulorum
277 579 344 620 ossa
372 567 547 620 exustorum
575 552 706 645 7ΗΠ,
738 560 881 620 salsarum
914 561 1068 621 sardarum

31 670 44 711 s
59 651 155 726 capita
177 651 247 709 trita
272 640 312 733 ,Q
331 647 393 727 XII,
416 657 501 708 rutae
525 650 646 708 seminis
670 640 710 733 ,Q
728 647 791 729 XII,
814 657 930 708 mentae
949 641 1068 733 ptxn,

57 737 138 816 pulei
162 729 202 822 ,Q
222 735 288 817 XII,
312 736 425 817 anethi,
453 738 525 817 apii,
549 736 679 817 colicuII,
710 736 896 817 cucurbitae,
923 736 1068 798 marrubii

58 827 146 900 scrip.
171 825 315 885 duodena.
356 824 461 885 Omnia
489 824 597 886 tundes
621 834 650 886 et
673 842 778 885 cernes
802 833 832 886 et
855 843 931 904 quae
954 824 1068 885 urenda

59 924 129 974 sunt
152 931 243 992 super
266 921 376 973 testum
401 913 558 974 combures
578 921 608 974 et
627 921 706 974 teres
727 922 815 992 atque
834 916 864 974 in
884 932 953 974 vaso
972 915 1067 974 vitreo

57 1020 185 1080 repones
210 1010 330 1062 etcum
354 1021 429 1080 opus
452 1002 551 1082 iecerit,
575 1005 655 1063 sicco
679 1021 713 1062 eo
737 1007 840 1063 uteris.

16 1112 43 1152 ιο
147 1090 190 1150 ld
219 1089 389 1176 synanchen
417 1091 581 1151 remedium
609 1092 666 1151 sic:
703 1090 880 1151 Cuniculum
908 1093 1006 1151 rivum
1036 1093 1067 1150 in
1087 1100 1120 1150 66

58 1179 113 1239 olla
143 1177 212 1238 rudi
239 1177 397 1238 combures
424 1187 455 1239 et
483 1178 635 1258 pulverem
664 1180 700 1240 de
728 1182 792 1258 ipso
823 1188 905 1239 costo
937 1188 966 1240 et
997 1178 1067 1239 lolio

58 1268 160 1346 aequis
192 1264 375 1345 ponderibus
407 1266 547 1327 miscebis
584 1277 614 1328 et
650 1269 693 1328 sic
730 1270 761 1328 in
794 1270 912 1347 potione
947 1267 1069 1346 plenum

58 1355 191 1416 cocleare
212 1354 248 1414 de
267 1354 324 1415 hoc
341 1355 464 1433 pulvere
483 1374 550 1416 cnm
570 1357 638 1416 vino
657 1355 741 1416 dabis
755 1363 844 1437 atque
863 1357 951 1416 etiam
966 1355 1068 1415 fauces

57 1443 127 1503 inde
150 1442 334 1521 perfricabis.
374 1442 469 1521 Caput
491 1445 608 1523 viperae
633 1443 753 1504 liuteolo
778 1443 957 1523 conligatum
981 1441 1068 1502 collo·
1087 1453 1121 1504 67

14 1552 43 1592 33
59 1549 118 1609 que
141 1549 318 1610 suspensum
348 1530 424 1591 tales
452 1534 562 1611 optime
591 1540 675 1592 sanat
701 1541 753 1592 aut
779 1531 918 1611 prohibet
945 1533 1068 1590 innasci

58 1618 117 1679 Lac
145 1637 309 1697 caprunum
336 1637 404 1679 cum
432 1619 537 1696 malva
553 1628 583 1680 et
608 1623 714 1698 exiguo
739 1620 799 1680 sale
823 1621 979 1681 decoctum
1003 1635 1067 1695 gar·
1087 1629 1121 1679 68
1208 1688 1209 1691 Ἴ

59 1709 278 1786 garizatumque
306 1708 413 1768 tosillis
438 1710 533 1786 prime
556 1709 701 1769 medetur.
746 1708 899 1769 Menarnm
924 1707 1067 1768 salsarum
1087 1718 1120 1768 69

58 1804 193 1856 ustorum
216 1796 253 1855 de
277 1796 424 1874 capitibus
448 1798 523 1857 cinis
547 1815 582 1856 ex
605 1796 691 1856 melle
713 1796 815 1858 inlitus
834 1796 969 1857 faucibus
988 1796 1067 1872 angi-

57 1902 126 1943 nam
149 1883 275 1944 cobibet.
321 1885 413 1962 Aqua,
436 1887 467 1945 in
491 1903 549 1963 qua
572 1902 639 1945 mus
662 1892 765 1946 coctus
788 1887 887 1967 luerit,
910 1885 1120 1944 adversumne

11 1991 41 2030 ao
57 1975 178 2050 anginas
206 1971 365 2032 salubriter
392 1974 486 2033 inscio
514 1974 697 2052 propinatur.
743 1973 871 2034 Caninae
900 1975 978 2033 cutis
1002 1989 1066 2031 cor·
1088 1983 1120 2033 71

56 2062 166 2137 rigium
185 2069 232 2120 ter
251 2060 324 2120 collo
344 2061 560 2121 circumdatum
579 2064 653 2122 mire
672 2064 809 2140 anginam
822 2060 941 2122 relevat.
969 2059 1067 2121 Multi·
1087 2071 1121 2120 72

55 2148 149 2227 pedes
172 2150 316 2228 cullenes,
340 2150 445 2227 quiin
469 2158 601 2210 stercore
625 2159 790 2211 nascuntur
808 2152 919 2230 quique
939 2149 1069 2210 contacti

56 2240 87 2296 in
111 2235 246 2313 globulos
269 2237 477 2316 conplicantur
499 2239 613 2298 adiecta
640 2241 726 2299 tertia
750 2247 833 2317 parte
858 2241 975 2300 resinae
998 2237 1067 2297 vali-

57 2325 179 2385 dissime
203 2327 266 2384 triti
290 2332 320 2385 et
344 2325 524 2405 malagmatis
547 2329 610 2387 rice
634 2329 755 2406 inpositi
782 2329 960 2405 incipientes
983 2343 1067 2404 paro-

13 2431 41 2471 33
57 2413 135 2472 tidas
163 2415 300 2491 aperiunt
331 2421 361 2474 et
394 2423 572 2496 expurgant,
603 2424 764 2477 maturatas
797 2435 866 2477 vero
899 2420 1067 2494 persanant.

56 2501 192 2579 Axungia
219 2509 305 2561 vetus
333 2520 402 2562 cum
428 2511 504 2564 testa
528 2507 590 2564 vasi
614 2504 827 2565 salsamentarii
850 2512 974 2564 contusa
999 2500 1067 2562 sub·
1087 2514 1120 2562 73

56 2599 181 2668 actaque
201 2596 232 2649 et
245 2589 378 2669 adposita
397 2592 602 2652 collectionem
620 2593 788 2670 parotidum
808 2590 1067 2653 laudabiliter'dis-

56 2679 140 2738 cutit.
182 2676 316 2755 Vulpinis
346 2679 492 2741 testiculis
523 2680 695 2742 recentibus
722 2682 873 2758 parotides
905 2685 1067 2756 perunctae
1087 2689 1121 2737 74

55 2767 116 2826 cito
135 2766 346 2826 discutiuntur.
382 2766 528 2828 Muricum
548 2776 642 2828 testae
661 2777 791 2829 uruntur
810 2785 971 2845 earumque
991 2765 1066 2824 cinis
1087 2776 1120 2824 73

11 2871 40 2911 so
56 2872 125 2914 cum
149 2853 235 2914 melle
258 2855 443 2933 parotidibus
468 2854 628 2916 salubriter
649 2859 812 2935 inponitur.
853 2854 936 2914 Fimo
961 2869 1066 2930 caprae
1087 2864 1120 2912 76

55 2944 183 3021 axungia
211 2950 296 3003 vetus
323 2945 469 3021 permixta
498 2952 527 3003 et
555 2943 677 3004 subacta
700 2953 788 3023 atque
815 2951 848 3004 nt
874 2941 1067 3020 emplastrum

55 3030 189 3109 adposita
212 3032 363 3109 parotidas
387 3039 533 3110 persanat.
572 3031 667 3092 Calcis
689 3032 771 3092 lloris
795 3024 835 3117 ,Q
855 3030 903 3111 lll,
927 3030 982 3090 alei
1006 3030 1065 3108 spi·
1086 3041 1119 3090 77

54 3137 106 3179 cas
120 3120 194 3179 duas
209 3138 277 3180 curn
296 3123 420 3198 axungia
440 3119 548 3180 tundes
567 3130 598 3180 et
615 3123 741 3198 inpones
759 3119 945 3198 parotidibus
959 3119 1066 3197 malag-

53 3209 143 3268 matis
175 3226 267 3268 more.
313 3207 503 3269 Nasturcium
536 3227 604 3270 cum
636 3210 765 3269 lornento
793 3210 955 3270 contritum
983 3215 1067 3269 sanat
1087 3217 1119 3266 78

127 3415 251 3482 3gutta.
326 3419 359 3467 10
377 3415 555 3482 synanchem.
630 3422 663 3470 12
682 3417 711 3470 et
729 3433 779 3471 om.
840 3421 872 3469 15
893 3431 1065 3484 suspensam.

51 3488 90 3539 20
109 3488 288 3554 proponatur.
361 3490 395 3539 23
414 3485 552 3556 globolos.
625 3491 660 3541 24
678 3487 789 3543 uuique
810 3488 879 3556 (sic).

852 3572 906 3627 10*
