2422 3878
524 117 764 183 -224—

142 281 435 361 conprehendantur.
466 281 546 341 Haec
570 282 651 359 potio
670 280 717 340 his
736 279 832 340 modis
851 281 960 341 ieiunis
979 279 1076 340 danda
1097 289 1154 342 est:

142 371 254 432 ciliacis
277 378 307 431 et
330 370 445 451 culicis,
473 371 526 449 qui
553 370 617 429 sine
642 369 724 429 lehre
748 376 849 447 erunt,
878 387 915 429 ex
939 387 1015 448 aqua
1039 369 1155 450 frigida,

142 459 346 520 febriculentis
366 477 401 519 eu
421 477 505 540 aqua,
529 459 560 517 in
584 475 641 536 qua
660 457 800 518 anethum
819 457 855 517 ad
874 460 977 518 tertias
996 457 1155 519 decoctum

143 548 247 626 luerit,
274 550 306 609 in
334 547 529 608 declinatione
553 564 622 606 vero
645 545 738 606 febris
761 545 797 606 ad
821 545 1055 624 magnitudinem
1081 547 1155 607 avel-

143 636 235 716 lanae,
258 636 422 716 spleniticis
445 653 481 695 ex
503 653 577 713 aqua
597 653 664 695 cum
684 652 811 713 cappare
829 633 951 694 decocta
971 634 1087 714 cyathis
1105 637 1180 696 tri-a

143 725 200 786 hus
228 723 430 803 magnitudine
459 742 517 802 qua
545 741 647 803 supra,
676 724 799 801 epaticis
828 722 983 783 dimidium
1007 722 1156 784 avellanae

144 813 278 893 modum,
306 811 511 873 iehriculentis
539 830 575 872 ex
602 810 782 891 hydromelis
811 811 915 890 cyatho
943 810 990 870 vel
1019 830 1055 871 ex
1082 830 1157 893 aqua

144 901 248 981 mulsa,
271 904 302 961 in
326 919 383 980 qua
402 901 543 961 anethum
562 918 630 960 cum
650 899 778 960 surculis
798 902 861 960 suis
880 900 972 961 fuerit
990 899 1157 982 decoctum,

144 989 346 1068 orthopnoicis
374 989 576 1069 magnitudine
602 987 749 1049 avellanae
777 990 902 1049 remissa
928 991 959 1048 iu
988 991 1068 1049 aceti
1091 989 1157 1050 scil·

144 1077 219 1137 litici
246 1077 424 1138 cocliarihus
452 1086 592 1158 quattuor
618 1096 654 1138 ex
683 1095 775 1156 aquae
799 1077 909 1138 calidae
934 1078 1049 1156 cyathis
1074 1087 1158 1157 quat·
1172 1095 1195 1134 ao

145 1175 222 1246 tuor,
240 1167 276 1226 ad
296 1185 446 1244 spasmum
466 1175 495 1228 et
514 1165 613 1226 cordis
629 1165 762 1226 dolorem
777 1166 823 1226 vel
836 1173 998 1226 tremorem
1013 1185 1049 1226 ex
1064 1185 1159 1246 aquae

145 1253 257 1315 mulsae
281 1256 386 1335 cyatho
410 1255 612 1335 magnitudine
636 1254 792 1316 avellanae.
830 1253 875 1314 Ad
898 1254 1000 1315 lateris
1025 1255 1159 1316 dolorem

146 1362 182 1403 ex
206 1362 281 1423 aqua
304 1343 399 1404 mulsa
422 1343 625 1424 magnitudine
649 1343 795 1404 avellanae
814 1350 917 1403 contra
940 1351 1059 1404 noctem
1079 1343 1161 1404 dahi-

145 1440 204 1512 tur,
227 1432 263 1493 ad
288 1432 435 1511 singultus
459 1442 490 1495 et
513 1432 622 1513 quihus
645 1432 740 1511 frigus
764 1434 852 1492 etiam
874 1440 985 1492 aestate
1004 1431 1161 1513 insederit,

146 1538 182 1580 ex
206 1540 280 1601 aqua
304 1521 401 1582 mulsa
423 1521 509 1582 modo
534 1519 694 1601 avellanae3
723 1520 861 1598 pthisicis
889 1537 925 1579 ex
949 1538 1021 1580 suco
1046 1523 1161 1582 tisanae
1175 1538 1196 1580 u

145 1609 192 1669 vel
215 1628 252 1669 ex
275 1609 364 1670 mulsi
387 1610 500 1690 cyathis
519 1608 616 1670 tribus
634 1609 722 1669 modo
740 1608 897 1689 avellanae,
916 1608 1108 1688 dysintericis
1128 1629 1163 1670 ex

146 1717 235 1776 posca
260 1698 373 1777 cyathis
396 1697 513 1758 duobus
533 1697 619 1758 modo
639 1699 745 1758 ciceris
764 1699 890 1778 arietini,
913 1699 1107 1775 auruginosis
1127 1717 1163 1758 ex

147 1805 240 1865 aquae
263 1785 376 1847 mulsae
400 1786 513 1866 cyathis
537 1785 653 1847 duobus
681 1786 828 1846 avellanae
856 1785 993 1866 duplum,
1022 1786 1163 1866 dysuriae

147 1884 178 1935 θῖ
206 1874 319 1935 calculo
348 1894 384 1936 ex
408 1893 500 1954 aquae
524 1875 637 1955 cyathis
660 1874 770 1954 tribua,
793 1876 825 1933 in
849 1892 907 1952 qua
930 1881 992 1934 tres
1016 1876 1164 1956 manipuli

148 1964 206 2043 apii
230 1963 342 2024 luerint
365 1963 490 2043 decocti,
512 1963 716 2043 magnitudine
739 1961 896 2023 avellanae.
1175 1979 1196 2019 ao

96 2060 129 2108 14
236 2051 320 2112 Potio
343 2051 380 2113 ad
400 2071 471 2132 epar
489 2052 655 2130 utilissima,
678 2058 832 2130 praeterea
850 2050 923 2111 haec
942 2052 1007 2129 ipsa
1027 2070 1165 2132 comper·

148 2147 211 2199 tum
236 2149 265 2200 et
288 2149 535 2218 praesentaneum
560 2140 722 2201 remedium
748 2147 794 2201 θεῖ
817 2141 906 2200 etiam
929 2139 965 2199 ad
988 2139 1094 2201 lateris
1116 2142 1165 2202 do·

148 2226 250 2306 lovem,
274 2232 382 2307 accipit
404 2228 490 2289 haec:
518 2229 633 2306 Piperis
658 2262 699 2270 -
719 2228 740 2308 1,
764 2229 840 2288 costi
866 2261 903 2271 -
925 2227 946 2308 1,
970 2226 1068 2306 lupini
1094 2232 1167 2292 sicci

149 2317 241 2374 amari
264 2349 305 2358 -
325 2315 347 2375 l.
381 2315 461 2376 Haec
485 2319 582 2377 omnia
606 2319 685 2377 sicca
708 2324 796 2377 tunsa
815 2316 943 2377 cribrata
963 2317 1055 2377 mixta
1076 2318 1166 2380 simul

148 2420 289 2484 repones3
318 2422 385 2464 cum
414 2423 489 2482 opus
518 2406 616 2485 luerit,
640 2424 733 2466 unum
761 2404 894 2466 cocleare
917 2404 1040 2483 plenum
1064 2408 1116 2468 vel
1143 2409 1196 2467 siu

150 2494 229 2552 vires
252 2494 432 2553 infirmiores
456 2502 539 2576 sunt,
562 2512 675 2575 rasum,
699 2494 729 2554 id
753 2501 799 2554 θεῖ
822 2493 978 2581 ruclatum‚
1002 2512 1074 2555 cum
1100 2499 1166 2557 vino

149 2589 268 2642 austero
292 2584 392 2642 ieiuno
416 2585 530 2661 epatico
550 2601 604 2661 per
623 2584 686 2643 dies
706 2590 767 2642 tres
787 2581 834 2643 vel
852 2584 984 2662 quinque
1003 2586 1166 2646 continuos

149 2670 245 2751 dahis,
273 2673 314 2732 ita
343 2679 377 2731 ut
404 2672 435 2731 in
466 2691 499 2732 eo
527 2672 620 2732 latere
649 2671 832 2749 conplicatus
860 2670 1042 2749 aliquamdiu
1072 2675 1167 2735 iaceat

149 2769 179 2820 et
202 2762 355 2840 cooperiat
378 2778 410 2820 εθ
434 2762 521 2840 sagis,
545 2768 575 2821 et
598 2778 666 2820 cum
690 2761 823 2838 coeperit
846 2759 962 2839 sudare,
985 2758 1068 2821 levet
1088 2781 1123 2824 se
1141 2770 1168 2823 et

149 2849 318 2911 deambulet
340 2849 400 2910 diu.
1176 2864 1192 2906 o

98 2947 129 2997 15
238 2939 312 3000 Item
331 2945 488 3016 expertum
507 2945 596 3015 atque
616 2937 688 2997 utile
707 2936 743 2996 ad
763 2954 835 3015 epar
853 2935 1019 2996 remedium
1035 2936 1076 2999 de
1092 2939 1167 3000 loliis

150 3028 199 3086 fici
222 3029 321 3107 aridis,
345 3027 375 3086 id
399 3034 444 3087 θεῖ
464 3028 582 3087 siccatis
602 3025 657 3086 sub
679 3025 783 3086 umbra
804 3033 834 3085 et
851 3023 990 3084 arefactis
1009 3027 1096 3088 tritis
1116 3029 1166 3090 ori·

150 3114 305 3195 blatisque‚
330 3114 365 3175 de
390 3134 449 3195 quo
473 3115 595 3194 pulvere
619 3133 687 3176 cum
711 3112 830 3174 condito
855 3113 891 3172 ad
914 3130 1094 3178 mensuram
1114 3118 1167 3178 tria

242 3265 449 3320 thidromolis.
541 3267 755 3336 9oriopnoicis.
836 3265 979 3321 remissae.
1062 3268 1165 3325 scilliti.

152 3343 186 3390 14
205 3336 352 3406 singultos.
426 3341 458 3388 15
477 3334 634 3404 pihipsicis.
706 3339 844 3392 ihisanae.
914 3343 947 3392 16
966 3336 1165 3397 disinchericia

151 3414 184 3462 21
202 3408 386 3476 cumpertum.
457 3412 491 3460 28
505 3405 546 3458 ita
560 3408 633 3461 utin
649 3425 682 3463 eo
696 3410 784 3463 latere
799 3407 986 3479 conplicatus]
1001 3407 1165 3470 itasolatcra

147 3477 316 3550 conpliclus.
390 3474 562 3544 aliquandiu.
