2422 3878
523 104 763 169 -328-

139 270 325 346 siccatosque
340 287 374 329 ac
388 276 494 329 tunsos
508 267 554 328 vel
573 267 690 328 molitos
709 285 778 328 cum
796 266 864 327 felle
882 269 1000 327 taurino
1016 267 1064 328 vel
1079 271 1154 330 vitu·

138 356 199 417 lino
213 356 352 417 miscebis
367 365 397 418 et
411 356 531 435 subigas
550 363 580 416 et
597 374 652 434 pro
671 354 845 434 malagmate
860 355 895 415 ad
910 358 1002 415 imum
1017 366 1156 419 ventrem

139 444 176 504 ab
195 445 335 506 umbilico
354 446 493 506 deorsum
512 453 617 505 versus
636 445 769 524 inpones.
801 444 874 504 Nam
899 445 925 503 si
948 462 1039 522 super
1059 446 1157 506 umbi·

139 533 233 594 licum
255 535 431 614 inposueris,
455 540 573 593 stercus
596 551 683 593 omne
707 551 826 593 sursum
845 531 969 612 vocabit,
988 535 1158 611 inpositum

141 629 240 683 autem
255 622 394 682 deorsum
407 639 512 682 versus
527 630 557 682 et
570 619 661 682 bilem
674 621 810 682 detrahet
824 628 854 681 et
867 622 1004 698 pituitam
1018 622 1158 683 deducet.
1173 645 1185 685 5

86 723 120 772 81
232 709 313 770 Sales
332 709 488 769 cathartici
506 711 570 770 sine
590 709 733 771 stomachi
751 711 869 790 iniuria,
888 717 922 769 ut
939 727 996 769 neo
1012 712 1160 772 intestina

142 799 268 878 doleant,
291 799 479 875 accipiuntur
502 816 556 859 scu
577 800 609 859 in
628 799 751 878 prandio
770 816 839 858 oum
858 815 925 858 esca
945 815 998 858 seu
1017 800 1049 858 in
1069 818 1161 881 cena;

141 889 167 947 si
195 893 294 946 autem
321 887 439 946 ieiunus
466 887 609 969 volueris,
641 905 708 948 cum
738 886 834 947 mulso
863 887 991 963 accipies
1019 888 1159 948 cocleare

140 974 271 1052 plenum.
302 973 518 1052 Conponuntur
538 977 594 1036 sio:
614 974 689 1035 Salis
708 976 939 1034 ammoniaci-
953 974 975 1054 Ι,
993 975 1160 1055 zingiberis

128 1064 215 1122 sicci
240 1094 278 1104 —
299 1061 325 1140 I,
353 1061 457 1123 lasaris
485 1063 594 1124 radicis
620 1062 706 1143 -Ι,
734 1065 899 1123 scamoniae
922 1062 1010 1142 -Ι,
1040 1067 1160 1143 piperis
1174 1088 1199 1126 ao

140 1183 183 1194 —
204 1150 224 1230 l,
248 1149 370 1211 feniculi
389 1153 512 1212 seminis
533 1184 570 1196 -
592 1151 619 1232 l;
642 1158 722 1211 teres
742 1153 839 1211 omnia
858 1159 888 1211 et
907 1151 1060 1232 criblabis3
1085 1172 1159 1213 sane

141 1258 209 1299 cum
241 1239 385 1319 volueris,
412 1247 447 1300 ut
473 1240 678 1302 vehementius
700 1248 829 1322 moveat,
852 1239 994 1321 cocliaria
1023 1240 1083 1300 duo
1111 1260 1158 1302 ac-

141 1329 231 1407 cipiat
254 1330 306 1407 qui
329 1327 386 1388 alvi
409 1328 583 1391 difficultate
606 1328 804 1408 torquebitur.

545 1521 624 1583 CAP.
648 1521 751 1582 XXXI.

141 1633 197 1690 Ad
229 1633 284 1689 ani
310 1634 392 1690 vitia
425 1637 459 1689 et
490 1633 623 1689 fistulas
653 1634 786 1703 podicis
814 1636 848 1689 et
875 1633 1159 1690 haemorrhoidas

221 1721 372 1778 remedie
397 1722 540 1791 physice
569 1725 604 1777 et
630 1722 842 1778 redonabilia
870 1721 1003 1795 diversa
1030 1723 1074 1776 de

524 1811 772 1880 experimentis.

107 1958 122 2006 1
233 1945 339 2024 Lipara
357 1945 394 2005 ad
412 1947 618 2025 intertrigines
636 1954 665 2007 et
684 1948 938 2026 exasperationem
960 1954 989 2007 et
1007 1954 1159 2007 tumorem

145 2036 195 2094 ani
222 2035 346 2094 mirifica
376 2036 433 2095 sic:
466 2034 593 2114 Spumea
617 2043 773 2114 argenteae
796 2034 829 2096 P.'
847 2034 887 2117 Il,
910 2053 1047 2096 cerussae
1070 2035 1102 2095 P.
1122 2035 1200 2117 II,1s

144 2123 223 2182 turis
244 2120 367 2199 pollinis
390 2122 421 2183 P.
441 2122 476 2202 Il,
499 2123 637 2184 aluminis
660 2124 724 2183 lissi
741 2122 773 2182 P.
787 2123 808 2202 Ι,
832 2123 927 2200 adipis
951 2123 1053 2183 suillae
1072 2142 1160 2183 ener-

145 2217 229 2268 vatae
248 2216 368 2268 curatae
387 2208 419 2268 P.
438 2209 473 2288 11,
492 2211 552 2267 viai
570 2212 682 2269 austeri
699 2211 810 2269 veteris
828 2208 859 2269 8
875 2210 887 2268 Ι
903 2209 932 2289 S,
950 2228 1036 2270 rosae
1052 2208 1111 2270 &1
1128 2211 1159 2291 S,

145 2294 203 2354 olei
232 2294 336 2353 viridis
359 2293 391 2354 P.
412 2295 440 2354 S.
482 2294 603 2354 Teritur
631 2313 734 2372 spuma
764 2302 794 2355 et
817 2314 951 2375 cerussa,
979 2298 1097 2357 alumen
1121 2319 1160 2359 ex

145 2385 213 2444 vino
240 2381 378 2462 diluitnr;
406 2380 512 2441 deinde
539 2381 667 2442 adicitur
694 2389 744 2441 tus
770 2383 802 2442 in
826 2381 978 2461 pulverem
1002 2386 1161 2447 redactum

145 2480 176 2533 et
194 2489 262 2533 cum
281 2471 411 2550 primum
429 2469 502 2530 haec
520 2469 595 2530 levia
614 2468 690 2530 bene
708 2470 829 2547 fuerint,
848 2470 945 2531 oleum
964 2477 994 2530 et
1007 2472 1109 2530 vinum
1128 2485 1161 2535 et
1175 2498 1202 2536 ao

145 2561 263 2641 adipem
282 2559 470 2639 liquefactam
489 2577 557 2619 cum
576 2577 644 2620 rosa
663 2577 753 2639 supra
770 2562 879 2640 scripta
893 2561 1014 2620 misceri
1028 2568 1160 2638 oportet.

107 2663 123 2712 2
233 2648 341 2729 Lipara
359 2649 425 2709 ruia
444 2650 515 2710 lacit
532 2648 569 2709 ad
588 2649 711 2709 fissuras
729 2651 787 2731 ani,
805 2668 878 2728 quas
893 2648 1035 2728 rhagadas
1051 2647 1158 2712 Graeci

145 2740 257 2819 dicunt,
281 2739 385 2799 eadem
408 2738 445 2799 ad
468 2756 571 2798 omnes
595 2739 728 2798 eiusdem
751 2741 844 2816 partis
867 2728 1103 2798 exulcerationes
1127 2748 1157 2799 et

142 2831 212 2890 vitia
242 2828 357 2888 diutina
385 2826 461 2887 bene
489 2827 572 2907 lacit,
600 2829 708 2907 achpit
730 2827 816 2888 haee:
847 2826 975 2906 Spumae
999 2834 1156 2904 argenteae

142 2916 168 2976 X
197 2916 274 2996 XVI,
307 2918 398 2976 misni
430 2917 491 2977 usti
519 2915 619 2995 XVI,
651 2918 767 2976 resinae
798 2916 1015 2977 terebinthinae
1043 2914 1155 2995 XXII,
1170 2934 1196 2974 as

143 3024 228 3066 cerae
252 3004 277 3064 X
297 3004 347 3086 Vl,
371 3023 509 3065 cerussae
534 3004 559 3064 X
582 3003 659 3085 XVI,
683 3003 857 3079 chalcitidis,
872 3011 956 3065 ustae
980 3003 1074 3083 XVI,
1099 3003 1156 3063 olei

142 3095 250 3172 myrtei
268 3093 299 3153 P.
319 3093 340 3154 l.
377 3092 483 3154 Omnia
506 3093 665 3172 diligenter
688 3101 828 3154 teruntur
851 3111 919 3154 cnm
943 3092 1001 3152 olei
1023 3091 1155 3172 pondere

231 3249 248 3296 4
266 3242 388 3300 uocauit.
413 3273 415 3276 ·
462 3248 478 3297 5
498 3243 618 3298 deducit.
688 3250 703 3298 'l
723 3259 786 3297 cum
806 3259 870 3298 esca
889 3248 938 3298 Im
957 3246 1081 3300 comesta
1097 3248 1156 3300 2m.

144 3318 176 3366 10
195 3313 326 3366 radicem.
399 3315 551 3369 scamonia.
625 3318 657 3366 11
677 3329 780 3369 semen.

231 3385 272 3438 tit.
291 3383 510 3437 aemorhoditas.

215 3460 248 3508 14
266 3455 365 3524 lypara
383 3459 409 3508 et
426 3455 466 3508 sic
483 3455 539 3521 sere
551 3469 661 3522 tempo.
712 3459 747 3508 25
761 3452 955 3510 terebintinae.
1002 3462 1036 3511 27
1051 3455 1154 3512 mirlei.
