2422 3878
541 125 781 188 —210—

153 288 285 349 libanum
304 294 415 346 semote
435 285 620 346 tundendum
643 294 673 346 et
694 286 895 366 cribrandum,
917 294 1017 346 storax
1037 288 1108 348 vino
1127 291 1169 349 in-

153 375 323 437 fundendus
351 382 381 435 et
409 373 536 453 reliqua,
565 392 640 452 quae
668 375 845 435 remittenda
875 382 957 452 scant,
988 373 1071 434 lento
1102 379 1170 455 igne

153 463 292 524 solvenda
312 471 342 524 et
360 471 424 524 tum
443 461 533 522 simul
551 465 648 522 omnia
667 462 882 540 permiscenda.
918 462 1002 532 Quod
1019 464 1170 541 epithema

152 552 290 613 similiter
309 553 400 612 linteo
419 557 470 611 aut
488 550 646 628 phoenicio
665 550 866 612 inducendum
886 560 916 611 01
935 553 978 611 010
997 551 1034 611 ad
1053 554 1170 614 viscera

152 640 360 722 adponendum
380 646 409 699 et
428 642 458 699 in
480 639 583 699 horam
598 639 725 720 prandii,
744 643 770 700 si
788 658 848 699 non
863 640 1038 719 fatigaverit,
1056 641 1194 702 haben-s

153 730 233 810 dum,
256 732 297 789 ita
320 735 429 808 tamon,
453 735 486 788 ut
509 727 633 788 adverso
656 737 778 806 pectore
802 727 962 789 cuiuslibet
980 731 1068 808 pueri
1088 737 1169 809 tepe-

151 820 262 879 factum
286 823 421 895 ponatur.

98 917 150 968 105
240 904 336 965 Intiba
360 904 481 965 decocta
504 906 535 964 in
559 904 626 964 cibo
652 914 769 984 sumpta
797 911 847 965 aut
871 923 975 965 eorum
998 923 1074 984 aqua
1099 914 1170 984 pota

99 993 342 1056 loostomachum
366 1001 502 1072 purgant.
525 992 678 1076 ,Herbam
705 995 884 1054 vettonicam
906 1011 1008 1054 mense
1032 993 1169 1073 Augusto

152 1083 259 1142 lectam
282 1100 350 1142 cum
375 1083 488 1142 semine
512 1090 541 1142 et
564 1081 715 1143 radicibus
739 1084 811 1162 suis,
834 1081 886 1141 sed
910 1084 973 1142 sine
996 1082 1078 1141 ferro
1101 1101 1169 1144 eru·
1183 1101 1205 1140 ao

151 1178 211 1231 tam
239 1170 397 1231 arefactam
425 1169 582 1248 diligenter
605 1179 635 1231 et
658 1188 826 1250 excussam,
853 1188 891 1230 ne
916 1177 1027 1230 terram
1049 1168 1169 1252 haheat,

151 1258 318 1319 contundes
343 1267 372 1319 01
396 1258 535 1319 criblabis
560 1277 594 1318 ao
617 1257 748 1338 pulveris
771 1261 837 1319 eius
858 1260 1024 1319 tenuissimi
1043 1260 1168 1337 cyathos

152 1347 227 1408 duos
251 1365 319 1408 cum
342 1365 435 1425 aquae
459 1348 597 1407 sextariis
621 1365 672 1407 sex
695 1348 726 1406 in
750 1346 806 1407 olla
828 1366 903 1408 nova
927 1347 962 1407 ad
985 1349 1092 1407 tertias
1117 1348 1167 1408 de-

151 1454 263 1516 coques
286 1434 432 1515 ollamque
455 1438 550 1514 ipsam
574 1442 707 1513 opertam
732 1434 788 1495 suh
810 1434 877 1496 divo
896 1437 1056 1514 repositam
1076 1436 1167 1497 habe·

150 1525 211 1605 bis,
243 1543 280 1584 ex
312 1542 370 1604 qua
398 1525 425 1584 si
453 1523 569 1602 quando
599 1522 744 1584 stomachi
772 1522 893 1584 ardores
926 1523 1167 1606 concitabuntur,
1180 1542 1202 1583 n

152 1612 296 1674 coclearia
316 1612 375 1673 duo
394 1619 445 1672 aut
463 1613 522 1672 tria
540 1610 686 1672 laboranti
704 1612 867 1690 gluttienda
887 1612 979 1690 dabis,
1000 1614 1077 1672 mire
1098 1613 1167 1674 sub-

99 1704 267 1762 lovvenies.
305 1699 422 1760 Herbae
445 1701 611 1760 vettonicae
634 1699 822 1780 fasciculum,
850 1700 959 1761 herbae
981 1711 1109 1778 nepetae
1133 1721 1167 1762 ao

151 1791 232 1869 pulei
254 1787 383 1867 virgulas
408 1788 537 1867 singulas
561 1796 591 1848 01
615 1788 684 1849 salis
706 1788 860 1867 paululum
884 1808 952 1850 cum
973 1790 1036 1848 vini
1054 1793 1167 1851 veteris

148 1878 277 1939 heminis
305 1876 404 1937 tribus
431 1878 462 1936 in
475 1876 547 1937 .olla
572 1876 641 1937 rndi
664 1895 759 1955 usque
783 1876 819 1937 ad
842 1878 989 1937 heminam
1014 1877 1167 1958 decoquas

149 1975 179 2028 et
208 1968 308 2026 ieiuno
337 1966 517 2026 stomachico
547 1984 632 2025 mane
661 1965 797 2026 cocliaria
826 1965 940 2045 singula
968 1973 1019 2026 aut
1042 1984 1079 2026 eo
1103 1987 1166 2028 am·
1179 1986 1201 2025 ao

147 2054 227 2132 plius
251 2053 342 2114 dabis.

95 2153 147 2202 108
238 2140 382 2210 Quotiens
402 2142 547 2202 stomachi
565 2160 684 2202 morsus
703 2144 815 2203 sentire
835 2144 977 2219 coeperis,
1001 2142 1166 2223 glycyrrhi-

148 2247 198 2289 zae
223 2247 328 2288 sucum
353 2228 388 2289 de
413 2229 534 2290 surculo
558 2232 622 2290 eius
646 2229 755 2290 trahito
775 2238 826 2290 aut
843 2231 938 2309 ipsam
957 2230 1013 2290 suh
1031 2231 1166 2310 linguam

148 2316 185 2377 ad
213 2317 447 2394 magnitudinem
475 2318 616 2378 cicerculi
637 2318 758 2399 habeto,
782 2337 838 2379 nec
862 2318 993 2379 dolorem
1018 2322 1166 2382 stomachi

95 2417 209 2466 109nec
229 2406 309 2464 sitim
329 2407 448 2465 senties.
481 2405 539 2466 Lac
558 2405 702 2469 bubulum
717 2406 850 2486 tepidum
864 2409 1014 2468 incoctum
1034 2408 1165 2471 subinde
1178 2427 1201 2468 aa

95 2500 306 2571 110sumptum
330 2494 531 2555 exulceratum
555 2514 674 2575 quoque
696 2495 880 2557 stomachum
899 2496 1021 2557 sanabit.
1055 2497 1164 2559 Coclea

148 2582 241 2643 cruda
264 2581 401 2643 devorata
425 2585 474 2666 ita,
499 2592 531 2645 ut
554 2584 694 2645 dentibus
717 2602 778 2644 non
803 2591 950 2664 tangatur,
975 2586 1164 2648 stomachum

147 2679 240 2748 curat,
260 2680 341 2732 certe
360 2671 558 2755 languentem,
578 2675 603 2733 si
622 2692 676 2752 per
693 2672 825 2734 triduum
841 2675 884 2733 sic
899 2680 1042 2753 sumatur,
1062 2693 1164 2736 emen·

94 2761 208 2822 111dat.
240 2760 369 2842 Cocleas,
388 2761 440 2821 sed
459 2780 543 2822 veras
560 2761 722 2840 Africanas,
741 2761 875 2822 conditas
894 2779 930 2821 ex
950 2761 1010 2821 sale
1029 2771 1059 2822 et
1073 2764 1164 2843 paulo

147 2850 205 2910 0101
225 2860 333 2932 coctas,
352 2849 404 2910 sed
423 2868 483 2910 non
501 2857 642 2929 purgatas
662 2853 714 2929 qui
732 2852 851 2910 ieiunus
869 2858 970 2910 ternas
985 2858 1037 2911 aut
1051 2855 1162 2930 quinas
1175 2870 1197 2911 so

146 2939 267 2999 cottidie
292 2946 321 2998 et
340 2938 513 3016 frequenter
532 2941 704 3020 sumpserit,
723 2941 874 2998 rarissimo
894 2939 1038 2999 stomachi
1058 2941 1163 3003 dolore

146 3026 313 3107 vexabitur,
332 3035 413 3088 certe
433 3029 459 3087 si
478 3028 657 3089 carbonibus
676 3035 771 3088 tostae
787 3037 951 3108 sumantur,
970 3027 1078 3089 melius
1093 3049 1163 3110 pro·

92 3121 229 3175 112sunt.
261 3114 294 3173 Si
313 3117 380 3193 quis
399 3118 508 3195 cymini
526 3119 590 3177 triti
609 3135 645 3177 ex
663 3115 750 3176 mede
769 3123 854 3177 terna
873 3115 1018 3177 coclearia
1036 3119 1162 3180 cottidie

145 3202 263 3259 ieiunus
287 3204 420 3282 accipiat,
444 3203 588 3265 stomachi
611 3203 712 3264 dolore
736 3206 811 3264 mire
835 3203 956 3265 carebit.

216 3340 244 3415 Ι]
268 3333 327 3389 vini
345 3334 525 3391 infundendo.
570 3335 737 3405 aphinitio.
785 3340 930 3409 9purgat.
983 3344 1016 3394 10
1035 3344 1159 3415 erutam]

144 3405 244 3459 erud1s.
346 3410 379 3459 18
397 3405 551 3475 poulolum.
652 3412 685 3462 22
706 3407 859 3464 elieerinae.
950 3415 986 3464 24
1005 3411 1159 3470 cicericul'a

144 3479 178 3528 25
198 3475 281 3531 sitem
300 3475 394 3531 sentis.
467 3483 501 3532 29
519 3477 672 3548 paulolum.
