2422 3878
512 127 665 191 -266
714 159 752 172 -—

128 301 232 369 tutem,
255 289 393 350 adamans
414 289 490 368 lapis
508 292 645 369 invictus,
669 290 721 368 qui
739 306 837 368 neque
856 292 924 368 igue
943 309 1043 370 neque
1063 293 1150 355 ferro

128 372 266 458 vincitur,
290 381 316 438 si
334 381 478 456 sanguine
497 377 612 437 hircino
631 377 772 455 perfusus
791 379 890 460 luerit,
913 397 981 439 mox
1000 381 1150 444 solvetur.

74 485 109 533 oe
217 468 261 527 dd
283 453 415 527 vebsicae
438 466 570 526 dolorem
599 475 629 526 et
656 469 760 527 urinae
788 467 992 528 difficultatem
1017 469 1149 532 herbam

128 556 289 635 gladiolum
311 555 469 633 diligenter
492 554 598 634 fodito,
625 563 660 614 ut
687 573 806 615 omnem
831 557 962 617 radicem
985 560 1053 618 eius
1076 561 1148 638 palo

127 647 225 724 ligneo
253 662 354 724 eruas,
382 645 469 704 cuius
497 642 605 705 radicis
633 646 775 704 corticem
804 644 962 723 diligenter
986 648 1174 710 nitidatams

129 734 254 796 siccabis
278 735 388 810 optime
411 739 443 792 et
465 739 546 792 teres
569 740 658 810 atque
682 732 841 813 cribrabis,
868 743 902 794 ut
929 736 960 793 in
987 734 1147 815 pulverem

127 824 335 884 tenuissimum
358 820 485 900 redigas,
509 830 598 898 atque
623 838 660 880 ex
683 839 718 881 eo
742 821 886 882 coclearia
908 825 966 883 tria
988 826 1093 886 mittes
1113 829 1146 886 in

127 912 302 971 mortarium
326 916 356 968 et
378 911 491 988 piperis
512 908 572 968 albi
590 926 681 986 grana
695 908 773 968 Vllll
790 912 861 971 trita
880 919 911 971 et
929 928 1047 990 myrrae
1068 917 1145 992 opti·

128 1017 174 1059 rue
197 1000 285 1058 tritae
308 997 450 1075 pusillum
474 999 587 1059 etvini
610 999 715 1076 optimi
733 996 764 1058 θ
784 998 811 1058 ll
833 1008 922 1077 atque
945 999 1019 1060 baec
1043 1005 1145 1065 omnia

127 1092 158 1147 in
185 1104 278 1146 unum
306 1084 502 1166 permiscebis
529 1095 559 1147 ct
581 1094 719 1147 conteres
743 1104 777 1147 ac
800 1086 947 1148 laboranti
969 1090 1001 1148 in
1024 1089 1143 1172 balneo,
1158 1109 1181 1147 ιο

126 1177 156 1235 id
181 1183 227 1235 est
250 1193 319 1235 cum
342 1177 373 1235 in
395 1176 541 1252 piscinam
565 1175 765 1255 descenderit,
792 1174 877 1236 dabis
906 1176 1067 1238 bibendam
1091 1197 1144 1258 po-

126 1268 238 1324 tionem
262 1274 291 1324 et
309 1262 453 1344 monebis
477 1273 511 1324 ut
529 1281 561 1322 se
579 1273 649 1342 post
667 1262 804 1324 balneum
824 1263 1002 1326 calidissime
1021 1275 1141 1329 tractet.

126 1353 189 1413 Hoc
217 1353 412 1413 medicamine
435 1370 490 1412 seu
513 1354 559 1412 vir
581 1370 636 1412 seu
658 1351 765 1412 muller
789 1369 842 1412 seu
865 1371 942 1432 puer
965 1372 1018 1415 seu
1041 1357 1143 1435 puella

125 1444 330 1521 potentissime
353 1440 514 1502 sanabitur.

71 1545 106 1593 97
214 1530 350 1592 Cocleam
378 1530 520 1608 grandem
548 1546 637 1589 tinam
665 1531 759 1589 vivam
782 1529 911 1607 prendes
934 1533 1053 1592 eteius
1078 1551 1142 1593 oar·
1155 1549 1179 1590 rs

127 1638 194 1679 nem
226 1621 338 1679 eximes
370 1635 405 1678 ac
436 1616 528 1677 solam
555 1624 636 1677 teres
668 1621 699 1677 in
731 1620 873 1678 mortario
905 1627 936 1679 et
963 1637 1032 1680 cum
1062 1625 1142 1684 aceti

126 1710 204 1768 acris
223 1705 400 1768 cocliaribus
424 1705 522 1765 tribus
544 1704 629 1766 dabis
651 1705 810 1767 bibendam
829 1714 918 1786 atquc
937 1707 994 1769 boc
1012 1726 1068 1787 per
1087 1713 1141 1772 tri·

126 1798 217 1857 duum
236 1797 341 1876 iacies3
357 1793 465 1854 deinde
481 1795 652 1854 intermisso
671 1794 780 1875 triduo,
799 1797 858 1855 nisi
875 1799 976 1857 statim
990 1799 1141 1876 expulerit

126 1884 284 1964 calculum,
317 1883 453 1944 similiter
480 1883 646 1944 remedium
677 1892 709 1943 et
736 1885 763 1943 si
789 1902 912 1945 necesse
939 1885 1043 1967 fuerit,
1077 1907 1140 1950 sae·

125 1975 192 2051 pius
212 1972 304 2033 dabis
1155 1993 1181 2033 ao

71 2074 106 2124 98
214 2061 322 2121 Felicis
349 2061 494 2138 radicem,
521 2062 655 2139 asparagi
682 2061 841 2141 siongiam,
869 2064 928 2140 apii
954 2063 1088 2124 radicem
1112 2075 1143 2126 et

125 2150 331 2227 petresilinum
351 2148 440 2208 simul
459 2147 617 2226 diligenter
635 2157 715 2209 teres
734 2156 764 2209 et
782 2151 882 2210 ieiuno
902 2151 1051 2213 calculoso
1070 2171 1143 2215 cum

70 2240 192 2299 euvino
216 2236 300 2296 dabis
324 2235 495 2296 bibendum.
527 2235 626 2296 Violae
649 2240 794 2298 erraticae
817 2240 947 2300 rusticae
970 2240 1086 2304 radices
1112 2252 1144 2305 et

125 2325 184 2402 apii
212 2332 242 2383 et
268 2322 362 2382 violae
386 2325 558 2383 coronariae
586 2342 688 2385 semen
717 2345 775 2386 una
798 2330 927 2388 coutrita
949 2336 980 2388 et
1002 2349 1039 2390 ex
1062 2348 1143 2410 aqua

125 2411 218 2472 calida
245 2430 261 2471 a
290 2409 405 2471 balineo
434 2413 576 2472 continuo
608 2416 694 2491 potui
726 2414 823 2476 oblata
856 2415 974 2477 dolores
1007 2421 1142 2481 vessicae
1156 2435 1182 2477 2⁶

125 2503 183 2562 cito
208 2500 338 2579 abigunt.

73 2603 124 2651 100
214 2590 302 2669 Lapis
326 2607 363 2650 ex
385 2591 499 2650 vessica
522 2588 651 2650 bominis
674 2590 807 2669 qualibet
830 2595 984 2655 curatione
1003 2594 1142 2658 sublatus

124 2681 151 2740 si
173 2688 289 2740 teratur
312 2687 342 2738 et
365 2696 400 2738 ex
424 2681 485 2740 vini
507 2678 622 2758 cyathis
646 2679 743 2740 tribus
765 2681 914 2742 calculoso
937 2687 1022 2761 potui
1040 2684 1142 2768 detur,

124 2769 236 2848 lapides
260 2771 390 2845 vessicae
409 2768 556 2828 humanae
575 2769 694 2829 innatos
712 2768 874 2830 efficaciter
893 2771 1055 2833 dissolvere
1076 2792 1142 2835 cre·

73 2859 217 2919 101ditur.
254 2858 357 2918 Cimex
380 2856 574 2918 foraminibus
598 2864 785 2917 veretrorum
802 2859 985 2920 couiiicatus
1004 2860 1141 2924 dolorem
1153 2877 1180 2919 ao

72 2956 122 3003 102
131 2951 260 3008 vessicae
284 2947 421 3024 protinus
444 2945 527 3007 tollit
562 2944 682 3006 Vessica
704 2948 770 3024 apri
792 2956 874 3008 recte
898 2949 1055 3010 adversum
1074 2970 1141 3012 ves-

125 3037 203 3095 sicae
227 3035 344 3096 dolores
368 3036 399 3094 in
422 3034 489 3094 cibo
511 3036 655 3113 sumitur,
677 3036 720 3095 ita
743 3042 777 3095 ut
802 3036 910 3097 mulier
932 3037 1070 3118 feminae,
1093 3043 1141 3101 vir

73 3123 254 3183 103masculi
276 3132 382 3183 sumat.
417 3121 608 3183 Nasturcium
625 3125 732 3182 tritum
751 3141 820 3184 cum
838 3127 906 3185 vino
924 3125 1006 3187 dulci
1022 3126 1140 3189 cibario

125 3209 208 3269 dabis
227 3212 358 3269 vessicae
378 3211 473 3271 taedio
492 3207 639 3271 laboranti
656 3228 711 3288 per
729 3213 864 3273 triduum
880 3217 972 3296 potui,
992 3215 1045 3276 sed
1064 3220 1139 3279 satis

214 3410 309 3480 ligni
324 3412 485 3467 Carnarius.
533 3419 565 3466 15
581 3413 702 3483 prindea.
752 3422 786 3470 21
802 3419 908 3490 aspagi.
956 3425 990 3475 26
1005 3419 1138 3494 abiguub]

124 3483 236 3537 *eunt
309 3489 343 3537 33
363 3487 539 3539 summamat.
611 3485 787 3544 nastortium.
