2422 3878
489 147 729 235 -316--Ι

101 328 161 370 non
185 317 304 370 austero
327 309 485 370 molliendo
508 311 607 370 ventri
624 308 786 387 plurimum
805 316 939 389 prosunt,
963 310 992 368 si
1011 315 1044 368 et
1065 311 1126 389 Ipsi

101 398 319 460 manducentur
347 408 377 460 et
403 401 452 459 ius
478 397 552 458 illud
580 397 700 459 bibatur
728 405 796 458 ante
824 397 938 479 cibum,
970 404 1007 458 ut
1038 400 1126 459 iuter

102 487 259 565 prandium
283 496 313 548 et
336 505 439 548 cenam
462 486 560 547 alvum
582 486 690 547 leniter
713 486 832 546 molliat.

67 590 83 637 a
191 575 279 636 Ovilli
296 576 381 636 lactis
400 577 528 636 sextario
548 577 574 635 si
593 577 660 654 qula
674 575 782 635 adiciat
796 576 874 635 cnici
887 576 1009 652 purgati
1023 574 1052 636 it
1069 575 1125 636 llll

102 673 132 725 ct
155 665 322 725 discoctum
343 666 385 724 ila
408 663 519 743 ebibat,
546 664 659 725 molliet
681 671 824 724 ventrem.
865 662 994 733 Quidam
1017 664 1148 725 tribuas

101 753 230 814 heminis
255 754 314 812 vini
337 753 470 813 adiciunt
493 752 571 812 aloes
595 752 621 813 ll
644 754 798 813 semissem
824 754 918 813 etita
942 759 1041 812 totum
1067 771 1124 832 per

101 850 201 920 partes
225 859 299 919 aqua
324 842 448 901 mixtum
472 840 591 920 bibunt,
618 849 653 902 ut
679 840 813 901 molliant
837 848 978 900 ventrem.
1023 841 1125 902 Solvit

102 929 323 1012 autemqalvum
345 928 457 990 utiliter
480 931 545 1008 ipsa
568 930 631 990 aloe
650 948 704 1009 per
723 948 755 989 se
779 930 927 990 vIctoriati
952 924 1045 1008 <vel>
1073 931 1123 991 de·

102 1019 179 1077 narii
201 1017 333 1095 pondere
356 1036 393 1078 ex
412 1035 505 1097 aquae
524 1019 637 1098 cyathis
657 1018 754 1079 tribus
774 1017 819 1078 vel
837 1017 961 1096 lrIgidae
981 1018 1029 1079 vel
1050 1020 1123 1080 oali-

103 1105 157 1165 dae
182 1112 307 1184 epotata.
1137 1127 1158 1166 ro

66 1207 84 1254 4
191 1193 302 1272 Purgat
325 1197 435 1273 optime
460 1202 593 1255 ventrem
617 1194 783 1255 chamelaea
810 1194 916 1275 herba,
943 1213 1021 1273 quae
1051 1196 1123 1257 folla

103 1282 209 1342 similia
232 1282 325 1343 oliuae
347 1283 446 1363 habet,
470 1302 597 1362 quorum
621 1285 754 1362 quiuque
777 1283 823 1344 vel
844 1301 896 1343 sex
915 1283 979 1343 dari
999 1293 1124 1362 oportet

102 1372 173 1431 trita
201 1389 237 1431 ex
265 1389 358 1450 aquae
386 1371 499 1432 mulsae
527 1371 640 1450 cyathis
671 1379 812 1450 quattuor
843 1371 979 1450 Irigidae,
1015 1375 1041 1432 si
1073 1375 1122 1435 ad·

102 1468 206 1520 suctus
231 1462 300 1540 erit,
325 1462 374 1521 cui
397 1460 528 1520 remedio
552 1479 628 1540 opus
651 1467 706 1542 est,
729 1462 776 1520 siu
798 1462 907 1538 miuus,
931 1459 1045 1521 calidae
1073 1463 1123 1523 ad·

67 1561 83 1609 5
103 1550 180 1609 iecto
204 1549 274 1609 salis
297 1548 450 1629 cocliario;
474 1548 603 1609 detrahit
626 1551 706 1608 enim
728 1548 850 1627 largiter
868 1547 967 1610 hilern.
1006 1549 1123 1630 Purgat
1136 1567 1158 1608 u

102 1636 178 1697 bene
197 1637 296 1697 alvum
314 1638 400 1697 filicIs
419 1637 504 1696 radix
521 1637 581 1697 lota
602 1645 632 1698 et
650 1655 716 1697 rasa
735 1644 826 1717 atque·
843 1640 875 1698 in
893 1639 1033 1699 minimas
1053 1658 1122 1718 par-

102 1725 208 1785 tIculas'
232 1727 350 1786 concisa
375 1726 410 1785 ad
435 1727 617 1785 semunciam
638 1733 722 1786 aceto
742 1744 870 1804 aspersa,
894 1726 1002 1787 deinde
1025 1736 1122 1809 cocta,

102 1821 136 1874 ut
159 1813 235 1875 solet
257 1812 345 1874 holus
368 1815 469 1894 coquI,
498 1822 528 1874 et
555 1816 596 1874 ita
619 1832 688 1875 cum
711 1817 796 1894 panis
819 1817 907 1875 uncia
930 1828 1122 1896 consumpta.

66 1915 82 1963 c
190 1902 302 1981 Purgat
317 1902 393 1962 bene
407 1901 481 1962 haec
495 1905 660 1982 conpositio
675 1911 822 1964 ventrem:
837 1902 924 1963 Aloes
936 1903 960 1963 ll
973 1907 1123 1986 semissis,

103 1991 261 2070 colophoni
275 1990 300 2050 ll
316 1991 351 2072 ὃς
369 2009 428 2052 una
445 1999 585 2052 teruntur
599 1992 682 2070 haec,
696 1992 824 2052 adicitur
838 1991 932 2051 mellis
948 1993 1029 2071 quod
1045 1997 1122 2055 satis
1135 2013 1160 2050 ao

103 2082 142 2140 sit
156 2080 191 2139 ad
207 2079 370 2158 colligenda
385 2098 427 2140 ea.
458 2079 551 2141 Datur
566 2098 601 2140 ex
616 2098 709 2159 aquae
724 2080 836 2141 calidae
850 2079 897 2140 vel
911 2081 1038 2160 frigidae
1052 2101 1122 2163 cya-

102 2168 162 2228 this
185 2167 247 2227 llll.
284 2167 348 2228 lloc
372 2168 620 2230 medicamentum
644 2168 829 2230 stomachum
852 2187 912 2229 non
935 2175 1121 2251 conrumpit.

67 2268 82 2316 t
192 2254 309 2316 Globuli
333 2257 456 2316 mirifice
474 2265 637 2335 purgantes
656 2266 799 2337 ventrem,
823 2254 875 2336 qui
892 2266 926 2318 ut
945 2269 1122 2342 sumuntur,

101 2346 143 2404 ita
166 2345 275 2420 integri
294 2343 464 2405 deIquntur
483 2363 538 2405 nec
556 2345 678 2407 laedunt
696 2346 889 2425 stomachum,
913 2347 1122 2410 conficiuntur

103 2434 160 2492 sic:
187 2431 350 2510 Colophoni
374 2431 484 2514 llllll,
508 2433 632 2494 bidellae
656 2433 681 2494 ll
700 2434 740 2516 ss,
763 2437 891 2513 gummis
915 2434 993 2495 llll.
1037 2437 1121 2499 Haeo
1135 2453 1158 2494 aa

102 2523 172 2581 trita
195 2520 327 2581 lactucae
351 2539 423 2581 suco
447 2521 627 2601 colliguntur
651 2530 680 2583 et
703 2523 856 2601 finguntur
875 2522 983 2601 pilulae
1003 2530 1121 2605 magni·

102 2609 204 2670 tudine
237 2609 333 2690 labae,
366 2611 474 2670 dantur
504 2630 520 2671 a
549 2610 645 2671 trihus
672 2611 773 2690 pilulis
801 2627 896 2690 usqne
925 2612 961 2672 ad
990 2623 1122 2697 septem,

102 2706 191 2778 prout
214 2700 359 2778 cuiusque
382 2701 461 2759 vlres
483 2701 643 2778 patientur.

66 2799 81 2847 8
191 2787 321 2868 Globuli,
350 2790 401 2866 qui
429 2790 517 2848 etiam
541 2790 660 2849 cenanti
683 2788 791 2849 dantur
815 2796 845 2849 et
868 2789 1002 2849 efficiunt
1030 2810 1121 2852 mane

101 2879 213 2937 ventila
233 2877 429 2937 deiectionem
448 2885 592 2955 quantum
611 2878 681 2937 satis
701 2879 749 2958 sit,
768 2880 824 2938 sic:
844 2877 1008 2955 Colophoni
1027 2878 1120 2961 XIII,
1132 2897 1155 2938 so

101 2965 180 3025 aloes
208 2972 238 3026 et
265 2965 449 3044 tragacanthi
482 2964 581 3046 binos3
614 2965 670 3026 hoc
699 2966 796 3044 pridie
828 2984 904 3044 aqua
936 2975 1120 3049 maceratur,

101 3062 221 3131 postero
249 3054 296 3114 die
325 3056 434 3115 ceteris
461 3054 656 3135 admiscetur,
688 3055 764 3115 liunt
793 3054 862 3114 inde
890 3053 1002 3133 glohuli
1032 3057 1119 3118 labae

101 3142 312 3222 magnitudine,
336 3143 444 3203 dantur
465 3161 480 3201 a
500 3142 597 3204 tribus
617 3161 711 3223 usque
731 3143 767 3203 ad
786 3143 850 3223 Vll;
873 3152 1000 3220 prosunt
1023 3145 1119 3223 pluri-

101 3247 183 3288 mum
207 3232 304 3290 ventri
328 3239 357 3291 et
381 3230 567 3291 stomachum
589 3232 671 3292 nullo
694 3232 782 3292 modo
805 3240 921 3292 vexant.

191 3364 317 3418 irentri
335 3364 504 3434 Stephanus:
523 3369 627 3422 ventre.
718 3364 940 3491 donicipucicni.
1034 3368 1118 3424 8vel

102 3435 200 3490 addidi
218 3451 231 3489 e
249 3434 371 3490 Scribere.
453 3442 486 3491 18
505 3439 619 3506 quoqui.
700 3444 734 3492 20
754 3437 835 3508 colop
858 3436 940 3492 oniae
961 3435 1118 3495 Oornarios

110 3520 210 3576 emper.
283 3511 317 3560 29
336 3505 442 3562 conatis
461 3507 585 3564 Scribon.
