2422 3878
499 125 742 192 -248-

115 300 280 369 temperare
305 288 406 369 debet,
435 288 513 348 unde
540 291 600 348 sint
623 296 686 348 tres
709 290 860 368 potiones,
888 291 928 349 ita
952 299 987 350 ut
1011 309 1027 350 a
1053 292 1133 352 nullo

113 378 169 438 alio
194 396 282 456 quam
306 378 342 438 ab
366 396 410 457 eo,
436 378 487 455 qui
512 377 636 437 daturus
661 385 715 456 est,
739 375 830 444 herba
855 376 903 437 illa
927 377 973 437 vel
997 382 1086 457 potio
1107 389 1134 441 et

112 467 149 527 ab
169 486 213 547 eo,
233 463 284 545 qui
304 475 482 545 accepturus
503 476 558 540 est,
577 473 724 542 tangatur.
761 464 841 526 Haeo
861 469 911 544 qui
930 466 1008 526 bene
1029 467 1134 529 obser-

112 559 233 636 vaverit,
257 558 365 615 mirum
389 554 554 615 remedium
578 555 716 615 inveniet.

61 655 93 703 12
202 646 244 703 1111
275 662 365 704 coxae
393 642 525 703 subitum
554 651 706 721 stuporem
731 641 777 701 vel
805 642 951 704 dolorem:
984 644 1158 707 hironitria

113 766 156 776 -
172 734 194 814 1,
214 734 331 811 senapis
355 730 429 811 -1‚
449 732 561 809 piperis
583 732 765 791 semunciam
785 739 865 791 teres
885 740 914 791 et
934 733 1006 792 trita
1026 736 1137 796 misee-

113 821 168 902 his,
192 829 225 881 ut
248 819 400 898 pulverem
424 819 523 899 facias
548 821 631 879 etin
655 818 760 879 balneo
784 818 891 901 locum,
919 819 955 878 de
980 839 1042 899 quo
1065 842 1139 902 que·

114 911 200 987 reris,
223 907 407 985 perfricahis

62 1007 94 1056 13
204 995 377 1056 Remedium
402 995 436 1055 ad
450 997 592 1055 nesciam
612 997 668 1056 sic:
691 994 817 1073 Colliges
835 994 967 1076 herbam,
993 1016 1074 1076 quae
1096 1001 1138 1061 di-

115 1087 194 1144 citur
217 1084 401 1163 Britannice,
424 1084 472 1143 die
496 1083 572 1144 lovis
595 1094 696 1144 vetere
719 1083 789 1144 luna
812 1093 841 1144 et
863 1083 979 1165 lidum,
1005 1088 1139 1150 siccabis
1152 1105 1175 1144 to

115 1181 145 1232 et
169 1190 305 1249 repones,
330 1174 397 1249 qtria
423 1170 520 1232 hieme
544 1191 604 1232 non
627 1180 758 1251 apparet,
782 1190 850 1232 nam
872 1181 901 1232 et
920 1173 1026 1234 viridis
1045 1178 1139 1254 prod·

116 1269 174 1341 est3
204 1268 283 1320 teres
312 1261 388 1320 hanc
416 1279 484 1320 cum
513 1260 609 1320 tribus
637 1262 738 1338 granis
766 1260 835 1321 salis
863 1269 893 1321 et
920 1280 990 1322 cum
1019 1267 1139 1343 piperis

116 1351 215 1428 granis
241 1352 373 1428 quinque
398 1357 448 1409 aut
472 1358 600 1429 septem,
627 1348 717 1408 addes
745 1359 775 1409 et
802 1348 922 1427 plenum
946 1351 1061 1428 grande
1088 1373 1139 1414 eo-

117 1439 214 1500 cleare
238 1438 334 1499 mellis
359 1447 388 1499 et
411 1440 471 1498 vini
495 1440 644 1516 potionem
669 1435 776 1497 honam
796 1445 826 1497 et
844 1440 870 1498 si
888 1438 1019 1499 volueris
1039 1443 1139 1502 modi-

117 1547 185 1589 cum
206 1528 315 1588 calidae
335 1545 428 1604 aquae
448 1526 558 1585 adicies
577 1527 668 1585 etsie
687 1524 848 1586 hibendum
868 1526 965 1606 dahis3
984 1527 1039 1588 scd
1056 1530 1139 1592 hanc
1154 1545 1178 1586 11

116 1616 239 1677 herbam
254 1627 309 1695 ter,
325 1616 395 1675 dnm
410 1624 503 1694 tenes,
518 1622 675 1692 antequam
691 1612 821 1693 colligas,
835 1624 1029 1693 praeconiare
1040 1617 1139 1680 debes

117 1707 174 1766 sic:
199 1704 322 1764 Terram
342 1713 437 1783 teneo,
461 1701 583 1762 herbam
603 1701 678 1782 lego,
701 1704 731 1762 in
752 1704 870 1763 nomine
891 1703 1010 1782 Christi,
1033 1710 1137 1783 prosit

116 1794 151 1853 ad
182 1793 260 1872 quod
289 1800 318 1852 te
348 1790 461 1870 colligo.
502 1789 726 1851 Medicinalihus
750 1791 850 1869 digitis
874 1810 936 1852 eam
962 1794 1026 1852 sine
1049 1793 1136 1855 ferro

116 1881 270 1961 praecides
294 1888 344 1940 aut
368 1879 484 1940 evelles.

65 1981 99 2028 14
207 1970 248 2029 Ad
265 1971 395 2030 nesciam
411 1968 447 2028 de
462 1969 665 2047 experimento
681 1967 845 2027 remedium
861 1970 917 2028 sic:
931 1968 1024 2029 Radix
1036 1968 1136 2049 bugil-
1151 1986 1176 2026 ao

119 2058 196 2118 lonis
217 2061 280 2118 sine
300 2059 380 2118 ferro
399 2057 548 2142 colligitur
565 2056 612 2116 rel
631 2058 748 2116 eruitur
767 2056 832 2134 palo
852 2066 952 2136 aento;
971 2057 1045 2117 haec
1065 2066 1136 2120 tirn-

119 2147 201 2206 ditur
224 2149 255 2205 in
279 2148 336 2224 pila
361 2145 407 2206 vel
430 2148 539 2206 teritur
561 2148 592 2205 in
617 2147 756 2206 mortario
780 2153 811 2205 et
833 2163 924 2205 sucus
947 2147 1012 2205 eius
1035 2152 1136 2226 expri-

119 2236 219 2312 mitur,
242 2235 282 2292 ita
307 2237 393 2293 utin
418 2251 489 2292 suco
513 2252 547 2292 eo
572 2235 611 2293 sit
636 2233 681 2292 rel
704 2235 886 2313 quartarius3
909 2233 1016 2294 deinde
1041 2252 1137 2312 grana

119 2322 233 2399 piperis
258 2319 334 2378 XXV
358 2330 498 2381 teruntur
522 2328 551 2379 et
574 2319 671 2380 mellis
694 2320 768 2381 libra
793 2321 919 2382 adicitur
943 2340 976 2381 ac
1000 2324 1063 2383 vini
1085 2343 1136 2385 ve·

120 2410 195 2468 teris
224 2410 379 2468 sextarius.
421 2406 500 2467 llaec
527 2410 624 2467 omnia
653 2427 719 2468 cum
749 2428 821 2469 suco
845 2427 935 2488 supra
959 2412 1072 2488 scripto
1097 2413 1176 2474 adea

120 2496 240 2558 modum
265 2497 378 2557 conditi
400 2497 619 2575 permiscentur
643 2505 673 2556 11
696 2496 840 2572 laboranti
864 2501 894 2558 in
918 2497 1037 2579 balneo,
1065 2519 1137 2563 cum

120 2589 178 2658 iam
202 2603 294 2665 prope
319 2586 414 2646 lassus
437 2586 540 2666 fuerit,
565 2585 774 2663 pertriduum
799 2587 926 2665 potanda
949 2588 979 2646 in
1004 2587 1138 2651 caldaria

122 2675 217 2736 tribus
242 2674 412 2754 potionibus
436 2673 553 2751 dantur,
576 2674 650 2733 mire
674 2674 815 2753 proderit.

69 2778 100 2825 15
212 2765 378 2844 Descriptio
399 2764 493 2824 ceroti
512 2761 673 2843 chalastici,
692 2762 768 2841 quod
787 2764 857 2824 facit
871 2763 906 2823 ad
922 2781 1025 2823 omnes
1039 2769 1138 2828 totius

121 2856 259 2934 corporis·
280 2854 406 2933 dolores,
429 2853 589 2931 praecipue
612 2851 648 2911 ad
673 2853 862 2911 contusiones
880 2851 1086 2914 membrorum
1106 2865 1137 2917 et
1152 2877 1179 2917 ao

120 2961 280 3003 nervorum
300 2943 487 3002 infirmitates
507 2949 536 3001 et
556 2940 590 3000 ad
611 2939 755 3001 stomachi
774 2938 914 3002 dolorem.
948 2938 1068 3019 lnsigne
1089 2954 1138 3006 est
1170 2937 1174 2949 '

121 3040 202 3091 certe
232 3033 368 3111 inprimis
396 3030 431 3090 ad
461 3028 629 3090 lumborum
658 3038 688 3090 et
711 3029 827 3089 renium
856 3028 987 3109 dolores3
1013 3033 1137 3094 condei-

120 3127 171 3177 tur
201 3129 299 3179 vetere
329 3120 396 3179 luna
426 3128 457 3178 et
483 3119 583 3178 liduna
611 3137 627 3178 a
655 3136 758 3178 mense
786 3116 890 3177 Martio
919 3119 949 3176 in
979 3119 1137 3195 quodlibet

122 3215 238 3282 tempus
254 3209 406 3285 aestivum,
421 3207 527 3283 recipit
542 3206 627 3266 haec:
645 3204 738 3265 Flomi
753 3205 867 3286 libram,
881 3205 990 3266 herbae
1006 3205 1136 3270 Sabinae

210 3407 382 3476 dsaenapis.
455 3407 574 3476 peperis.
649 3410 820 3476 lquaereri.
885 3418 916 3468 10
935 3413 1134 3471 brittannicae.

120 3486 153 3536 21
173 3477 330 3547 collegitur.
404 3482 437 3530 32
456 3477 577 3548 renium]
595 3477 758 3533 remedium.
