2422 3878
503 86 723 149 -14-

108 257 143 310 nt
168 256 198 309 et
216 266 321 326 aegros
340 265 409 308 snos
429 247 481 307 din
499 249 530 306 in
549 245 649 306 reditu
668 246 861 308 haberentet
880 249 1027 308 saeviores
1046 249 1121 326 ipsis

108 336 221 397 morbis
240 339 410 397 existerent.
439 333 628 414 Quapropter
647 338 849 397 necessarium
868 335 940 396 mihi
954 338 1050 397 visum
1065 344 1121 417 est,

109 425 240 504 undique
264 424 439 486 valetudinis
464 423 571 484 auxilia
594 423 771 484 contrahere
795 431 825 484 et
843 423 936 485 veluti
954 426 984 484 in
1006 423 1120 485 brevia·

108 516 186 575 rium
206 513 355 594 colligere,
373 520 407 573 ut
426 531 614 592 quocumque
634 514 781 573 venissem
796 507 958 593 <possem>
974 513 1121 573 eiusmodi

108 603 231 663 insidias
258 605 351 663 vitare
379 609 409 662 et
439 601 495 662 hac
527 600 636 662 fiducia
668 603 802 663 securior
834 603 892 662 iter
923 601 1052 681 ingredi,
1086 609 1119 662 ut
1147 620 1161 662 a

108 694 208 771 sciam,
228 693 254 751 si
268 693 335 770 quis
350 690 423 751 mihi
441 689 566 768 languor
587 690 738 771 acciderit,
760 708 819 751 non
838 691 969 751 lacturos
988 690 1120 752 medicos

108 797 144 840 ex
167 797 215 839 me
237 778 284 839 rel
306 781 381 839 meis
404 779 533 839 reditum
552 796 607 839 nec
626 785 779 839 taxatnros
797 777 1054 840 incommodorum
1073 797 1120 839 oc·

72 872 88 923 2
108 867 277 928 casionihus
301 869 451 928 sanitates.
485 866 561 927 Ante
585 868 684 927 omnia
707 874 806 928 antem
829 874 901 947 puto
924 869 956 927 in
979 874 1120 946 promptu

106 954 250 1035 habenda,
266 973 341 1034 quae
356 955 454 1016 subito
470 955 637 1016 desiderata
652 955 824 1017 difficillima
839 955 978 1021 ridentur
988 957 1120 1036 inventu,

108 1045 187 1105 sicut
210 1043 307 1103 oleum
331 1051 424 1104 retus.
457 1043 542 1114 Quod
562 1045 589 1103 si
607 1043 643 1104 ad
661 1063 782 1105 manum
802 1062 861 1105 non
879 1045 945 1125 erit,
964 1043 1119 1104 celerrime
1134 1062 1160 1102 10

107 1133 173 1193 fieri
203 1134 321 1210 poterit.
372 1130 609 1193 Defervefactum
638 1135 717 1193 enim
745 1132 791 1193 vel
818 1133 1059 1193 recentissimum
1090 1140 1120 1193 et

107 1221 230 1281 odorem
254 1227 284 1280 et
307 1221 386 1280 vires
409 1221 604 1281 vetustissimi
622 1228 762 1300 praestat.
802 1219 841 1281 Et
863 1223 888 1281 si
907 1222 984 1281 forte
1004 1222 1119 1282 curatio

107 1310 241 1387 exegerit
269 1326 373 1388 aquam
401 1311 545 1369 marinam
572 1313 604 1370 in
627 1309 844 1370 mediterraneo
868 1311 985 1390 quaeri,
1011 1308 1118 1370 sollici·

107 1397 205 1458 tudini
227 1396 311 1457 locus
334 1415 393 1457 non
417 1399 487 1478 erit,
512 1400 539 1459 si
560 1400 601 1458 ita
623 1399 836 1477 prospiciatur:
864 1397 922 1458 duo
946 1399 1026 1458 enim
1050 1396 1120 1458 salis

107 1487 229 1547 sextarii
251 1488 282 1547 in
301 1494 442 1566 quattuor
461 1505 554 1566 aquae
574 1488 718 1547 sextarios
738 1488 821 1547 missi
839 1487 1118 1565 temperatissimam
1132 1501 1157 1542 15

106 1576 214 1635 marini
241 1574 366 1654 liquoris
393 1577 509 1653 copiam
537 1576 654 1634 facient.
697 1572 831 1654 Oxymeli
858 1593 928 1634 vero
952 1573 1037 1635 facilc
1061 1575 1119 1635 erit

106 1664 180 1743 fieri,
204 1665 230 1724 si
253 1663 370 1724 duohus
394 1663 506 1741 cyathis
525 1660 621 1722 mellis
641 1665 788 1723 sextarius
807 1664 883 1723 aceti
901 1662 1000 1723 addito
1019 1661 1118 1742 puleio

106 1761 136 1814 et
160 1751 229 1812 salis
253 1752 368 1812 modico
393 1757 644 1828 contemperatur.
680 1751 803 1812 Polenta
827 1758 926 1811 antem
950 1751 1006 1811 hoc
1030 1750 1118 1810 modo

32 1912 39 1926 ,
106 1841 169 1901 liet:
201 1839 353 1899 Hordeum
377 1857 452 1917 aqua
475 1838 630 1917 pertusum
652 1857 711 1913 una
735 1849 823 1900 nocte
847 1842 984 1920 siccatur,
1010 1839 1118 1899 deinde

105 1928 142 1988 ad
170 1926 225 1986 XX
252 1927 343 1987 libras
371 1926 476 1986 hordei
503 1926 674 1988 adiciuntur
701 1938 763 1988 tres
791 1927 884 1988 lihrae
909 1928 964 1988 lini
986 1929 1118 2008 seminis,
1132 1943 1159 1984 ro

106 2014 256 2076 coriandri
274 2014 391 2094 selibra,
410 2014 479 2075 salis
497 2015 691 2096 acitahnlum;
715 2025 786 2077 tunc
809 2015 915 2076 deinde
934 2016 1007 2076 haec
1026 2018 1119 2076 mixta

71 2109 86 2158 3
106 2110 260 2184 torrentur
287 2110 317 2164 et
340 2103 416 2163 mola
439 2104 625 2182 franguntur.
668 2103 812 2166 Omnibus
836 2113 934 2165 autem
959 2106 1119 2166 curationi·

105 2192 162 2253 hus
191 2191 249 2251 mel
277 2193 420 2269 optimum
448 2199 509 2273 est,
538 2194 569 2252 in
598 2210 656 2272 quo
686 2211 756 2272 apes
783 2195 969 2274 moriuntur,
999 2200 1029 2253 et
1051 2193 1119 2253 lana

106 2280 208 2342 sucida
237 2297 270 2339 ca
299 2279 376 2340 bona
404 2289 463 2362 est,
496 2299 571 2360 quae
600 2281 636 2341 de
665 2284 727 2341 ovis
760 2281 834 2342 collo
863 2281 954 2342 luerit
985 2281 1118 2342 adtonsa.

105 2369 243 2429 Cinerem
272 2370 370 2429 arium
402 2368 448 2428 vel
480 2368 606 2430 aliorum
638 2370 808 2431 animalium
840 2369 1041 2431 desideratum
1073 2370 1117 2430 sic
1131 2384 1158 2426 aa

105 2458 171 2517 heri
194 2465 324 2536 oportet:
356 2457 390 2517 ln
414 2456 501 2517 ollam
525 2476 629 2518 novam
652 2459 782 2518 mittitur
805 2461 865 2518 avis
889 2465 940 2518 ant
964 2457 1119 2537 qnodhhet

105 2545 184 2607 aliud
203 2545 319 2627 animal,
340 2545 418 2624 quod
437 2548 588 2624 putareris
603 2546 802 2625 exurendum,
822 2545 900 2624 quod
915 2546 1015 2607 addito
1030 2564 1117 2626 oper·

105 2633 172 2695 culo
206 2633 433 2713 circumlitoque
464 2633 566 2712 argilla
598 2636 629 2693 in
664 2633 751 2694 lurno
789 2635 916 2696 ferventi
952 2634 1118 2695 torrebitur

105 2724 285 2802 spiramento
314 2723 485 2802 permodico
514 2723 600 2783 lacto.
642 2721 894 2800 Gargarizationes
918 2741 988 2783 vero
1013 2741 1117 2783 omnes
1195 2772 1197 2779 .

105 2811 215 2873 calidae
240 2812 367 2873 utendae
391 2818 474 2891 sunt,
497 2813 575 2872 sicut
598 2819 629 2872 et
652 2811 795 2893 fomenta,
822 2820 856 2873 nt
879 2811 1016 2873 medendi
1040 2813 1117 2872 ratio
1131 2827 1157 2867 co

105 2908 135 2960 et
158 2919 231 2962 usus
254 2902 392 2963 ostendit.

63 3082 68 3090 ,
177 3016 677 3074 3raletudinis1mvalitudinis2m.
723 3023 861 3084 4possem
875 3033 925 3073 om.
972 3016 1119 3071 thaerm

104 3086 246 3142 hanc2m.
286 3088 424 3143 fiduciam.
464 3094 495 3142 11
508 3085 1118 3143 defervefactumtmdafarvcrelaetumm

107 3161 139 3209 12
154 3161 219 3225 post
236 3155 310 3210 vires
330 3159 394 3213 add.
414 3161 443 3212 et
461 3161 500 3214 ut.
558 3164 590 3213 16
606 3156 748 3224 oxymelli.
805 3163 836 3212 19
852 3159 974 3213 ordeum.
1029 3163 1064 3212 20
1079 3159 1119 3212 ad

105 3243 155 3282 om.
210 3232 244 3280 21
264 3226 435 3281 acitabnlnm
450 3233 498 3281 tm
518 3227 697 3281 acetabulum
709 3231 767 3284 2m.
832 3234 865 3282 22
880 3228 961 3284 mole.
1017 3233 1052 3281 24
1067 3227 1119 3281 ad-

105 3299 195 3352 tnnsa.
289 3303 323 3352 27
343 3297 430 3368 quod]
450 3312 538 3364 usqne
556 3313 644 3366 supra
662 3299 770 3353 lineam.
865 3299 996 3369 operculo
1016 3300 1119 3354 litteris

106 3385 138 3422 co
157 3384 244 3436 supra
261 3384 366 3422 oneum
384 3369 496 3423 additis.
597 3375 630 3422 31
651 3367 775 3438 Explicit
795 3387 837 3440 ep.
856 3370 927 3439 plini
946 3368 1062 3425 secundi
1081 3370 1118 3425 de

105 3437 252 3493 medicina.
289 3437 392 3509 Incipit
410 3437 468 3494 alia
487 3455 529 3508 ep.
