2422 3878
532 99 746 165 „23-

134 266 217 326 lauro
245 267 375 342 incocta;
409 281 467 340 quo
502 271 636 340 tempore
664 265 751 323 etiam
781 269 1052 325 sternutamentum
1080 283 1153 326 con·

135 356 227 415 citare
259 371 319 413 non
352 351 480 411 alienum
505 353 562 412 erit
589 350 646 412 hoc
673 351 902 432 medicamento,
931 353 1010 430 quod
1039 371 1076 413 ex
1104 353 1153 414 his

135 441 226 503 rebus
245 442 437 519 conponitnr:
462 438 578 502 Veratri
597 439 665 521 albi,
688 441 825 520 castorei,
849 440 979 522 struthii,
1003 441 1083 521 quod
1105 453 1153 504 est

134 531 218 593 radix
242 530 366 609 lanaria,
387 530 501 608 piperis
524 528 597 609 albi,
625 528 809 607 singulorum
834 527 860 587 ll
883 529 1025 607 singulos.
1071 529 1153 592 Haeo

135 627 259 681 contusa
287 620 418 679 tenuiter
446 617 542 678 forato
570 616 670 678 cribro
698 619 953 699 transmittantnr3
980 637 1050 679 cum
1074 636 1177 699 opusc

136 709 240 787 luerit,
268 725 322 785 per
345 708 466 784 pinnam
496 714 548 767 aut
575 705 718 767 calamum
743 706 935 784 scriptorium
959 706 1083 769 naribus
1105 711 1151 770 iu·

137 796 294 858 sniilentur
322 795 368 855 vel
396 794 520 874 specillo
548 797 642 856 tincto
672 797 702 855 in
725 813 801 873 aqua
825 803 856 855 et
879 812 1004 856 excusso
1027 797 1151 859 naribus

136 887 308 946 iniciuntur.
348 882 486 944 Proderit
509 891 608 944 autem
631 883 666 943 ad
691 891 962 944 sternutamentum
984 887 1075 946 etiam
1097 905 1152 965 per

137 993 169 1034 se
198 981 355 1034 contusum
383 980 414 1033 et
436 971 538 1033 eadem
562 974 677 1032 ratione
700 973 845 1033 iniectum
867 982 1018 1033 veratrum
1042 973 1152 1057 album,

136 1062 267 1141 linguam
291 1062 369 1120 enim
393 1064 503 1122 siccam
523 1067 554 1120 et
571 1061 682 1120 aridam
701 1061 878 1122 sternutatio
898 1062 998 1121 statim
1017 1064 1150 1125 inundat
1163 1079 1189 1120 to

84 1161 116 1210 11
137 1151 247 1229 Capitis
271 1149 403 1209 dolorem
427 1151 561 1229 quamvis
580 1157 710 1210 veterem
729 1156 759 1210 et
777 1148 994 1210 intolerabilem
1012 1155 1151 1229 protinus

137 1238 214 1301 tollit
242 1247 271 1300 et
289 1240 320 1298 in
349 1247 528 1318 perpetuum
557 1238 701 1298 remediat
723 1240 848 1316 torpedo
873 1240 957 1316 nigra
979 1241 1045 1300 riva
1068 1243 1151 1320 inpo-

137 1330 193 1388 sita
221 1330 249 1388 ei
276 1326 355 1407 loco,
384 1329 436 1406 qui
464 1331 495 1389 in
524 1327 626 1388 dolore
655 1334 713 1405 est,
743 1327 837 1388 donec
866 1326 982 1388 desinat
1010 1328 1096 1390 dolor
1123 1338 1153 1391 et

137 1417 326 1496 obtorpescat
349 1433 383 1475 ea
402 1434 486 1496 pars3
510 1416 589 1496 quod
609 1417 826 1493 cumprimum
845 1417 973 1476 senserit
992 1419 1044 1495 qui
1064 1417 1152 1499 dolet,

136 1514 324 1567 removeatur
356 1505 535 1586 remedium,
568 1522 606 1565 ne
638 1520 745 1563 sensus
774 1505 927 1565 auferatur
954 1505 1020 1565 eins
1048 1510 1151 1585 partis.
1165 1521 1189 1564 1s

137 1595 243 1656 Plures
271 1603 370 1656 autem
398 1594 546 1673 parandae
574 1599 644 1652 sunt
666 1591 839 1669 torpedines
867 1594 1001 1654 eiusdem
1025 1598 1153 1677 generis,

137 1687 206 1764 quia
234 1700 456 1760 nonnumquam
487 1684 533 1741 vix
561 1681 597 1741 ad
621 1679 694 1740 duas
722 1688 820 1742 tresve
844 1682 1006 1760 respondet
1028 1687 1153 1767 curatio,

85 1783 117 1831 12
136 1774 167 1834 id
191 1781 237 1834 est
260 1780 373 1851 torpor,
397 1771 476 1848 quod
500 1772 617 1848 signum
641 1776 688 1829 est
711 1770 940 1832 remediationis.
978 1770 1023 1831 Ad
1047 1776 1153 1852 capitis

137 1861 268 1923 dolorem
298 1860 409 1920 iactum
433 1877 468 1918 ex
492 1860 665 1936 perustione
689 1856 811 1935 prodest
834 1876 919 1920 rosae
943 1859 1038 1921 bonae
1062 1881 1153 1924 sucus

136 1949 254 2010 inlusus
278 1949 376 2027 capiti,
400 1946 453 2006 scd
476 1965 545 2007 cum
569 1965 640 2007 suco
664 1946 701 2005 de
720 1947 812 2006 moris
831 1948 908 2008 facto
927 1949 993 2026 pari
1010 1945 1152 2012 mensura
1165 1964 1190 2005 so

85 2053 118 2100 13
138 2038 276 2098 admixto.
313 2035 356 2096 ta
383 2036 489 2113 capitis
513 2034 643 2095 dolorem
668 2034 778 2094 factum
803 2053 838 2094 ex
861 2038 1056 2114 perfrictione
1082 2043 1153 2101 satis

137 2124 259 2204 prodest
275 2122 374 2184 oleum
387 2125 499 2183 irinum
514 2142 582 2184 cum
597 2121 727 2200 serpullo
742 2131 773 2182 et
787 2125 893 2202 exiguo
909 2134 992 2187 aceto
1007 2127 1153 2210 infusum3

137 2215 231 2291 magis
246 2218 354 2291 autem,
369 2214 395 2272 si
409 2219 460 2272 aut
474 2212 558 2272 iridis
572 2212 655 2272 radix
666 2218 716 2272 aut
726 2213 889 2290 peucedani
901 2231 990 2275 sucus
1001 2216 1153 2293 prioribus

137 2302 285 2362 admixtus
309 2300 407 2361 suerit.
444 2299 570 2361 Prodest
594 2309 623 2362 et
641 2308 709 2361 ruta
729 2318 797 2360 cum
816 2301 880 2362 olco
899 2304 977 2363 irino
997 2311 1027 2363 et
1046 2308 1153 2385 exigno

137 2399 221 2451 aceto
242 2396 326 2451 cocta
350 2396 380 2449 et
403 2389 502 2467 tepide
520 2390 618 2449 inlusa
637 2390 726 2468 capiti
746 2406 801 2449 nec
821 2392 919 2451 minus
937 2402 1067 2469 prosunt
1086 2395 1153 2455 folia
1165 2405 1188 2447 2⁵

137 2477 1153 2562 mmwmfflmfflomfflfflmwmmwwmmmffli

87 2581 120 2629 14
139 2567 184 2628 Ad
208 2568 313 2645 capitis
337 2565 469 2626 dolorem
492 2567 603 2626 facturn
627 2584 663 2626 ex
687 2570 754 2627 vino
776 2568 868 2627 nimio
887 2577 1014 2645 prosunt
1034 2572 1154 2649 quidem

139 2665 168 2717 et
192 2674 235 2737 ea,
259 2673 334 2734 quae
358 2654 486 2714 diximus
509 2656 655 2733 prolicere
679 2650 715 2716 ad
735 2658 839 2733 capitis
858 2656 991 2717 dolorem
1010 2676 1047 2717 ex
1066 2677 1155 2737 peru-

138 2747 234 2806 stione
258 2745 380 2804 lactum:
404 2752 531 2820 prosunt
554 2750 584 2803 et
607 2751 692 2804 rutae
716 2743 783 2803 lolia
806 2747 874 2805 trita
899 2764 968 2806 cum
986 2754 1081 2828 aceto,
1107 2749 1154 2808 ad-

136 2837 228 2895 mixta
252 2835 295 2894 eis
319 2850 396 2913 rosa,
420 2841 450 2891 et
473 2849 565 2892 nuces
587 2851 702 2892 amarae
722 2832 825 2892 eodem
845 2834 940 2895 modo.
979 2833 1108 2897 Faciunt
1126 2845 1191 2898 eto

139 2926 206 3001 agni
230 2922 307 3003 lolia,
332 2940 407 3000 quae
431 2929 596 2981 nascuntur
619 2923 649 2981 in
675 2920 819 3002 virgultis,
844 2922 953 3000 quibus
973 2922 1080 2985 Graeci
1098 2943 1154 3005 pro

138 3010 297 3069 viminibus
326 3017 453 3070 utuntur
487 3009 649 3089 eademque
676 3009 760 3089 lygus
784 3010 945 3093 appellant,
972 3029 1041 3072 cum
1069 3015 1157 3075 iridis

87 3110 119 3159 15
139 3097 238 3158 aridae
262 3096 361 3156 radice
384 3101 453 3157 trita
477 3100 568 3158 mixta
593 3101 636 3159 eis
660 3117 727 3158 rosa
747 3106 836 3177 atque
856 3108 947 3160 aceto.
984 3101 1028 3161 dd
1049 3105 1157 3182 capitis

139 3184 269 3246 dolorem
299 3184 410 3244 factum
438 3204 474 3244 ex
497 3189 559 3248 ictu
583 3196 634 3247 aut
657 3205 727 3247 casn
752 3205 768 3246 e
792 3186 912 3248 sublimi
941 3189 1064 3267 prodest
1088 3210 1158 3252 rosa

209 3316 370 3388 3sbrnbhii]
389 3318 525 3399 pyrethri.
577 3321 730 3389 lapicillo.
783 3328 815 3375 13
836 3322 939 3377 dolore.
1009 3330 1042 3379 16
1061 3327 1158 3397 turpe·

137 3390 225 3444 dines.
283 3394 315 3443 19
334 3390 532 3458 perustionem.
588 3395 621 3444 29
641 3391 714 3447 irita.
770 3399 803 3446 31
823 3392 914 3448 hacni.
966 3399 1001 3449 34
1019 3398 1070 3450 aut
1089 3413 1158 3454 wau

137 3478 220 3518 eoru.
