2422 3878
520 137 760 202 -246-

131 299 215 381 calet,
235 318 319 361 cerae
337 299 476 360 Ponticae
495 301 525 359 in
547 300 656 360 trustra
675 300 811 360 redactae
826 300 857 360 P.
872 300 893 379 Ι,
913 301 969 361 olei
988 304 1060 361 irini
1078 303 1111 365 P.
1126 306 1146 382 Ι,

131 389 189 450 olei
208 391 323 468 cyprini
341 388 373 449 P.
388 388 410 469 1,
429 389 485 449 olei
505 388 612 448 laurini
631 387 662 448 P.
683 388 704 468 Ι,
724 388 781 448 olei
800 391 909 450 veteris
927 389 959 451 P.
974 389 1009 470 ΙΙ,
1031 393 1147 470 piperis

131 478 191 539 albi
214 480 331 538 contusi
354 486 384 538 ct
407 495 462 556 per
484 478 692 537 tenuissimum
719 476 851 538 cribrum
876 480 1146 562 transmissibili,

130 567 265 646 pyrethri
293 568 411 628 contusi
439 574 469 626 et
491 584 545 644 per
569 565 646 625 idem
671 565 804 626 cribrum
828 569 945 627 traiecti
964 567 989 626 ΙΙ
1008 566 1029 629 Ι.
1065 568 1147 631 Haec

130 658 162 716 in
186 675 277 717 rrnrrm
301 657 477 734 miscentur,
505 656 661 732 reponitur
684 654 931 716 medicamentum
955 673 1026 716 vaso
1050 657 1171 720 fictilia

130 743 213 805 Facit
223 751 342 823 praeter
356 741 521 802 remedium
535 741 704 802 lumborum
720 751 749 803 et
761 743 796 803 ad
807 762 924 803 omnem
934 744 1068 805 dolorem
1080 765 1146 807 cor·

130 836 212 910 poris
231 840 261 892 et
279 849 449 910 nervorum,
467 829 623 891 muliebria
644 849 763 910 quoqne
780 831 843 893 loca
858 832 1016 893 durissima
1036 834 1148 917 mollit;

130 938 198 980 cum
218 920 269 979 diu
284 919 348 979 aliis
363 919 588 980 medicamentis
603 918 676 979 nihil
689 921 856 997 proiectum
872 928 925 1001 est,
940 921 997 981 hoc
1012 922 1146 998 prodest.

94 1021 110 1067 3
218 1007 373 1088 Malagma,
401 1008 478 1086 quod
507 1010 627 1087 proprie
652 1009 721 1068 lacit
744 1009 779 1069 ad
803 1008 972 1070 lumborum
996 1010 1147 1074 dolorem:

129 1096 209 1157 Picis
228 1096 356 1174 liquidae
376 1094 407 1156 a
426 1096 462 1177 Η,
486 1097 542 1156 olei
563 1098 673 1157 veteris
692 1094 723 1156 e
743 1097 764 1176 Ι,
788 1100 903 1159 resinae
923 1098 1145 1162 terebinthinae
1160 1113 1183 1154 1⁰

129 1183 160 1245 P.
184 1185 211 1264 Ι,
239 1203 325 1244 cerae
352 1185 384 1245 P.
409 1185 448 1265 ΙΙ,
477 1203 600 1246 mannae
625 1184 655 1246 P.
682 1185 792 1266 bessis,
820 1187 956 1247 afronitri
982 1186 1014 1247 P.
1039 1191 1145 1251 triens.

130 1272 275 1351 Coquitur
298 1276 348 1351 pix
372 1292 439 1334 cum
464 1273 537 1355 oleo,
561 1275 655 1334 donec
679 1276 773 1352 spissa
797 1275 860 1354 tiat3
883 1283 951 1353 post
974 1275 1031 1335 boc
1054 1277 1145 1338 adici-

129 1369 179 1422 tur
207 1363 318 1443 resina,
347 1362 453 1423 deinde
482 1381 549 1423 cera
578 1371 607 1423 et
635 1363 798 1423 secundum
827 1362 903 1423 hanc
926 1381 962 1422 ex
986 1365 1144 1426 intervallo

128 1469 243 1511 manna.
278 1450 335 1512 Ubi
354 1451 507 1530 emplastri
525 1450 645 1511 habebit
664 1451 788 1530 liguram
807 1452 1066 1531 medicamentum,
1090 1455 1145 1514 tol·

129 1538 207 1600 letur
229 1539 264 1600 ab
283 1542 351 1619 igne
371 1549 487 1601 etcum
507 1548 661 1618 tepescere
681 1542 821 1620 coeperit,
845 1541 1022 1601 alronitrum
1042 1560 1144 1620 asper·
1158 1557 1182 1598 1⁶

130 1638 216 1706 getur
240 1631 359 1709 sensim,
382 1646 420 1687 ne
444 1628 676 1706 superfundatur
700 1628 779 1707 quod
802 1631 833 1688 in
856 1627 982 1689 caccabo
1007 1638 1061 1690 est.

94 1725 111 1774 4
219 1717 359 1795 Malagma
379 1716 415 1776 ad
430 1734 547 1776 omnem
562 1716 694 1776 dolorem
710 1725 840 1776 veterem
855 1735 892 1776 ex
907 1716 1039 1796 qualibet
1054 1736 1144 1779 cansa

130 1807 248 1887 iactum,
268 1807 426 1885 praecipue
447 1804 482 1864 ad
497 1804 666 1865 lumborum
682 1804 823 1886 dolorem,
843 1807 899 1867 sic:
918 1804 1048 1865 bidellae
1067 1805 1090 1866 Χ
1106 1806 1144 1889 ΙΙ,

130 1898 254 1956 storacis
283 1894 308 1954 ΙΙ
327 1893 363 1972 V,
392 1894 495 1972 oesypi
523 1892 613 1972 ΙΙΙΙ,
635 1895 810 1954 ammoniaci
833 1893 858 1952 ΙΙ
881 1893 914 1974 V,
941 1895 1055 1972 piperis
1085 1895 1143 1956 albi

129 1983 154 2042 ΙΙ
173 1983 215 2064 ΙΙ,
239 1985 315 2043 turis
339 1982 415 2061 ΙΙΙΙ,
439 1980 578 2042 bacarum
603 1981 678 2042 lauri
701 1981 732 2041 P.
752 1981 778 2061 Ι,
805 1980 1025 2042 terebinthinae
1050 1983 1144 2066 iiVl,
1158 1998 1181 2038 so

129 2074 306 2151 opopanacis
331 2071 356 2131 ΙΙ
379 2071 419 2150 ΙΙ,
448 2071 543 2149 adipis
571 2072 678 2130 taurini
708 2069 732 2129 ΙΙ
757 2069 806 2148 Vl,
835 2070 980 2130 medullae
1004 2074 1144 2133 cervinae

129 2159 155 2217 ll
179 2159 210 2237 V,
233 2159 365 2238 propolis
388 2158 419 2219 P.
444 2160 478 2236 8,
507 2158 564 2218 olei
593 2161 702 2219 veteris
724 2158 755 2218 P.
779 2158 805 2232 1,
833 2177 919 2219 cerae
942 2159 973 2219 P.
997 2158 1036 2238 Π,
1065 2166 1143 2222 turis

128 2245 247 2324 pollinis
265 2246 337 2306 nr.
373 2246 487 2326 Oleum,
511 2265 588 2327 cera,
611 2249 718 2326 resina,
742 2246 874 2325 propolis
897 2247 1069 2328 liquebunt3
1093 2249 1144 2310 de·

129 2334 197 2394 inde
217 2335 293 2393 turis
307 2333 426 2412 pollinis
441 2334 558 2413 pondus
574 2337 713 2413 superius
728 2335 838 2396 dictum
854 2336 981 2396 adicitur
997 2343 1027 2396 et
1042 2345 1144 2399 cetera

128 2423 296 2482 minutatim
317 2421 361 2482 vel
380 2424 411 2482 in
431 2440 522 2483 unum
542 2430 676 2502 contusa,
697 2432 800 2501 postea
824 2424 1033 2503 decoquuntur
1053 2426 1143 2487 simul
1157 2439 1181 2479 2⁵

129 2512 240 2591 omnia3
264 2529 461 2591 opopanacem
487 2529 556 2571 sane
581 2510 646 2572 oleo
670 2510 743 2572 dilui
766 2513 850 2591 prins
874 2521 1000 2591 oportet.

92 2608 108 2657 a
216 2600 473 2675 Medicamentum,
497 2600 575 2678 quod
601 2601 671 2660 lacit
689 2600 726 2660 ad
745 2619 848 2662 omnes
868 2601 1071 2662 membrorum
1092 2603 1143 2663 do·

127 2690 220 2772 lores,
249 2691 327 2769 qnod
357 2690 512 2770 anodynon
536 2687 708 2767 appellatur.
750 2688 834 2750 Facit
857 2698 956 2750 autem
980 2693 1143 2769 praecipue

128 2780 164 2840 ad
187 2780 357 2842 lumborum
382 2779 509 2859 dolores,
533 2779 691 2839 coniicitur
710 2778 767 2839 sic:
790 2778 905 2858 Myrrae
924 2777 949 2837 ll
966 2777 1039 2859 Vnt,
1060 2784 1144 2841 croci

127 2869 152 2928 ΙΙ
177 2868 241 2951 Vll,
270 2871 448 2949 opopanacis
472 2866 587 2947 itidem,
616 2867 741 2927 storacis
771 2866 795 2926 ΙΙ
818 2865 857 2947 ΙΙ,
886 2866 989 2927 alterci
1018 2871 1180 2929 seminiso

127 2957 199 3031 XV,
224 2961 284 3037 opii
304 2957 389 3036 ilVl,
408 2957 620 3035 mandragorae
639 2956 749 3015 radicis
768 2954 813 3015 vel
833 2957 920 3016 etiam
940 2956 1061 3016 corticis
1080 2957 1104 3017 ΙΙ
1121 2958 1142 3037 Ι,

127 3048 239 3123 piperis
258 3046 317 3107 albi
332 3045 357 3105 ΙΙ
371 3045 392 3106 Ι.
424 3046 669 3125 consparguntur
683 3046 753 3104 trita
767 3051 798 3104 et
812 3042 940 3104 cribrata
954 3044 1027 3104 haec
1042 3048 1143 3106 omnia

128 3151 164 3191 ex
188 3152 262 3211 aqua
282 3134 411 3214 pluviali,
434 3136 510 3195 liunt
529 3133 638 3212 pastilli
657 3134 805 3193 victoriati
825 3135 930 3193 tertiae
949 3135 1051 3212 partis,
1071 3135 1143 3194 dan·

129 3229 178 3278 tur
202 3223 301 3281 ieiuno
326 3240 363 3281 ex
386 3240 478 3300 aquae
502 3221 607 3301 cyatho
630 3238 690 3279 uno
719 3229 748 3280 et
776 3239 811 3281 ex
839 3223 919 3301 passi
943 3221 1047 3299 cyatho
1073 3241 1142 3283 uno.

218 3360 231 3407 1
247 3353 339 3410 frusta
352 3354 475 3410 Scriboni.
536 3352 695 3408 acribiam.
759 3359 792 3407 10
805 3353 1000 3421 terebintinee,
1019 3357 1083 3410 item
1097 3362 1141 3414 20.

126 3422 521 3566 ⁴ppgrppuir]1s.sofi19storachis.
571 3424 677 3493 hysopi.
729 3429 763 3480 26
782 3424 884 3480 oleum.
939 3433 973 3482 30
993 3428 1141 3482 storachis.
