2452 3878
576 99 816 163 -172-

138 276 171 323 11
280 261 463 321 Centaureae
486 262 585 320 tenuis
609 278 713 342 sucus,
740 271 884 339 quantum
912 280 972 321 nux
1000 262 1130 321 avellana
1158 282 1203 324 re·

191 352 276 431 cipit,
304 367 372 410 cum
400 367 476 428 aqua
503 349 599 409 mulsa
626 348 712 409 datus
740 348 786 409 vel
813 349 954 410 ianthidis
976 349 1099 431 herbae,
1127 369 1203 429 quae

190 438 299 498 umidis
322 438 397 498 locis
419 439 562 517 nascitur,
585 438 675 497 unius
696 438 814 498 fruticis
833 436 902 497 lolia
921 441 991 498 trita
1009 457 1077 499 cum
1097 439 1203 517 cyatho

189 544 283 605 aquae
307 526 374 585 data
397 527 571 604 suspiriosis
593 525 756 604 plurimum
774 535 914 607 prosunt;
935 529 1002 586 vino
1022 530 1067 587 uti
1086 537 1204 606 oportet

190 616 380 695 suspiriosos,
398 615 430 674 in
449 632 508 692 quo
527 621 713 693 centaureae,
732 613 871 695 absinthi,
895 617 1008 694 origani
1032 623 1062 676 et
1080 620 1203 694 tragori-
1222 643 1226 648 ·

190 704 257 781 gani
280 709 310 763 et
331 703 437 781 hysopi
467 710 497 762 et
520 701 614 780 thymi
641 709 672 762 et
694 701 774 781 pulei
798 711 828 763 et
850 711 935 764 rutae
958 703 1093 765 fasciculi
1115 708 1203 766 tertia

138 804 170 853 15
190 791 323 852 detracta
347 791 460 852 fuerint
482 790 606 851 decocti.
649 790 789 869 Cupressi
812 789 920 869 pilulae
945 794 1032 852 tritae
1055 801 1142 871 potae
1167 812 1203 853 ex

189 882 257 940 vino
285 880 399 940 faciunt
426 877 504 939 bene
532 895 592 938 non
619 876 716 938 solum
744 877 781 938 ad
812 880 990 957 suspirium,
1023 881 1075 939 sed
1108 890 1138 939 et
1166 882 1202 941 ad

188 969 329 1028 iocineris
353 975 384 1028 et
406 968 536 1045 pectoris
559 974 590 1026 et
609 966 712 1026 vulvae
730 965 872 1046 dolorem,
895 969 922 1026 si
940 967 1058 1027 feminis
1080 967 1202 1048 dentur3

188 1054 257 1116 folia
280 1063 379 1116 autem
404 1054 538 1115 eiusdem
561 1072 629 1114 cum
652 1062 721 1116 ruta
741 1055 811 1114 trita
840 1062 871 1115 et
896 1062 966 1133 pota
989 1056 1119 1133 pectoris
1143 1056 1224 1114 tol-1

188 1143 254 1205 lunt
281 1142 427 1223 dolorem,
455 1142 592 1203 similiter
619 1150 722 1203 cortex
750 1150 780 1203 et
807 1143 892 1203 radix
919 1144 1055 1221 cupressi
1078 1142 1200 1202 decocta

188 1232 225 1292 ad
249 1231 351 1292 eadem
375 1240 515 1311 prosunt,
538 1229 590 1290 sed
615 1231 727 1291 faciunt
750 1230 839 1292 etad
862 1229 1035 1310 falangionis
1058 1249 1201 1312 morsum,

189 1321 214 1380 si
238 1321 425 1380 extrinsecus
447 1321 628 1397 inponantur
651 1319 804 1398 emplastri
826 1337 909 1380 more
933 1321 1094 1397 conposita.

136 1422 182 1490 16Ι
278 1408 402 1469 Acetum
427 1426 463 1468 ex
486 1407 586 1468 scillae
609 1405 700 1467 bulbo
723 1408 833 1469 factum
860 1408 983 1468 mirifice
1007 1408 1129 1487 prodest
1153 1427 1201 1469 su-

189 1498 337 1578 spiriosis3
369 1496 506 1557 similiter
534 1503 651 1556 acetum
678 1514 715 1556 ex
743 1495 858 1577 thymo,
887 1499 1009 1575 origano
1040 1496 1225 1576 puleioque1

138 1599 169 1648 17
189 1586 357 1647 confectum
376 1585 507 1663 prodest,
526 1585 553 1643 si
571 1582 694 1644 adsidue
713 1584 897 1663 degustetur.
926 1584 1020 1645 Utiles
1039 1594 1109 1646 sunt
1123 1588 1202 1646 inter

188 1676 273 1734 initia
297 1675 430 1753 quamvis
453 1670 577 1732 molesta
601 1673 774 1750 suspiriosis
793 1673 971 1733 sorbitiones
990 1673 1027 1733 de
1046 1691 1135 1751 porro
1155 1693 1201 1734 ca·

189 1765 282 1841 pitato
301 1763 395 1823 factae
414 1770 445 1822 et
463 1779 500 1820 cx
513 1762 610 1821 urtica
628 1769 717 1839 atque
736 1764 881 1822 nasturcii
900 1764 1021 1822 semine.
1049 1761 1201 1839 Peruogui

189 1860 288 1912 autem
317 1869 368 1911 eos
396 1856 514 1928 oportet
541 1847 633 1909 rebus
663 1849 917 1930 calefacientibus,
949 1857 1031 1910 certe
1058 1850 1200 1928 pyrethro

189 1959 258 2000 cum
281 1939 345 2000 oleo
369 1939 507 2016 decocto;
534 1939 714 2015 gestationes
738 1956 857 2016 quoque
880 1957 935 2017 per
957 1939 1033 1998 viam
1056 1946 1226 2017 myrteam

189 2036 316 2105 prosunt
342 2034 372 2088 et
399 2028 425 2086 si
448 2044 539 2104 super
561 2024 696 2086 lecticam
720 2024 767 2086 vel
793 2044 883 2104 super
906 2025 1017 2087 lectum
1040 2027 1201 2105 suspenda-

137 2127 170 2175 18
190 2123 239 2175 tur
262 2114 321 2175 illis
343 2122 472 2194 myrtus,
497 2114 629 2175 remedio
653 2116 718 2174 erit.
764 2113 808 2173 Ad
832 2117 1013 2193 suspiriosos
1036 2115 1201 2175 remedium

190 2201 331 2262 salutare:
351 2202 491 2281 Spumam
511 2202 548 2263 de
567 2220 618 2262 ore
637 2202 734 2262 mulae
753 2201 858 2281 collige
877 2211 908 2262 et
926 2204 956 2262 in
977 2202 1099 2263 calicem
1116 2206 1201 2265 mitte

189 2297 278 2367 atque
307 2308 342 2350 ex
370 2308 446 2368 aqua
474 2289 566 2350 calida
594 2292 655 2350 sive
683 2292 746 2351 viro
775 2309 829 2350 seu
856 2291 996 2370 feminae,
1025 2309 1100 2369 quae
1123 2291 1200 2352 hanc

188 2376 353 2438 molestiam
367 2378 488 2458 patitur,
503 2379 645 2438 continuo
660 2378 696 2438 da
711 2377 882 2460 bibendam3
898 2379 986 2439 homo
1003 2382 1102 2439 statim
1117 2398 1200 2440 sana·
1221 2416 1226 2426 ι

138 2481 169 2530 11
190 2464 285 2547 bitur,
313 2466 366 2526 sed
394 2463 472 2526 mula
500 2468 654 2527 morietur.
700 2467 744 2526 hd
773 2469 952 2546 suspiriosos
983 2468 1129 2528 sanandos
1162 2468 1202 2528 fel

190 2556 326 2615 ursinum
349 2572 424 2633 aqua
448 2552 573 2614 dilutum
597 2553 759 2615 bibendum
783 2557 894 2635 optime
914 2555 1009 2635 datur,
1032 2559 1110 2615 intra
1129 2575 1201 2634 pau·

136 2654 171 2704 20
191 2661 241 2704 cos
270 2644 348 2703 enim
377 2643 440 2703 dies
468 2651 606 2722 potenter
633 2643 777 2705 medetur.
823 2642 867 2703 hd
895 2645 1075 2722 suspiriosos
1106 2663 1201 2705 reme-

189 2732 270 2793 dium
295 2739 415 2810 potens:
438 2730 553 2792 Hcrhae
578 2730 715 2792 salutaris
739 2730 913 2792 fasciculum
933 2740 963 2792 et
981 2733 1105 2793 ficorum
1124 2734 1201 2793 Afri·

189 2839 331 2881 canorum
355 2820 506 2881 aridorum
529 2818 668 2880 selibram
691 2839 726 2880 ex
746 2838 839 2897 aquae
857 2819 983 2880 fluvialis
1002 2820 1130 2880 heminis
1149 2824 1200 2881 tri·
1225 2849 1226 2855 κ

189 2907 246 2969 hus
265 2909 423 2988 decoquito
442 2908 478 2968 ad
497 2906 645 2969 heminam
665 2926 789 2987 eamque
807 2911 892 2987 potui
908 2909 976 2969 dato
990 2927 1045 2987 per
1059 2908 1200 2971 triduum.

137 3004 170 3054 21
278 2996 321 3057 Ad
346 2998 499 3075 sanguinis
523 2997 709 3075 eruptionem
734 2999 796 3055 sive
820 3015 854 3056 ex
874 3000 982 3058 arteria
1001 2998 1061 3056 sive
1082 3016 1116 3056 ex
1136 2998 1200 3075 pul-

189 3098 276 3142 mone
300 3083 347 3144 vel
369 3093 491 3163 pectore
510 3082 586 3145 hene
606 3085 676 3144 facit
694 3083 842 3162 symphyti
861 3084 954 3165 radix,
973 3103 1060 3162 quam
1081 3085 1201 3164 quidam

277 3238 294 3286 4
313 3233 420 3302 oportit
442 3233 510 3300 (fere
531 3234 653 3301 semper).
677 3271 680 3275 -
744 3239 760 3287 6
778 3233 866 3304 ysopi.
959 3236 1132 3308 ldetractc]
1156 3255 1199 3292 re·

187 3302 287 3357 brucho¹
324 3303 450 3424 Apparet
472 3303 545 3357 huuc
570 3304 658 3358 locum
680 3303 785 3370 aliquot
806 3305 894 3359 verbis
917 3307 1023 3361 onusta
1040 3314 1199 3377 corruptum

301 3378 335 3427 14
371 3372 477 3426 ulhum.
532 3377 565 3427 18
584 3373 741 3442 perungeri.
796 3380 830 3429 26
850 3374 1026 3444 suspiriosus.
1082 3384 1114 3432 31
1131 3380 1199 3433 emi·

325 3447 362 3500 88
378 3442 532 3518 sympeuli.
