2422 3878
524 133 743 197 -10-

128 298 212 378 faoit3
231 297 364 357 nascitur
379 295 468 355 etiam
481 293 550 354 bilis
564 295 647 355 acida
662 302 692 356 et
706 312 813 374 amara,
830 312 905 373 quae
920 294 1032 355 dicitur
1046 302 1142 355 mater

128 385 310 446 morborum.
343 382 415 442 Bilis
430 384 509 443 enim
525 400 593 443 oum
609 392 663 466 est,
678 384 808 444 concitat
822 381 943 444 calores
977 382 1019 443 De
1033 384 1142 462 pituita

127 474 282 553 perfrictio
306 473 452 551 nascitur,
480 489 555 551 quae
579 471 650 533 lacit
674 471 805 532 dolorem
828 473 1053 552 intestinorum,
1081 479 1143 533 tor-

128 565 227 623 siones
242 563 330 622 etiam
345 561 595 640 inflationemque,
612 579 688 640 quae
703 578 813 639 corpus
828 568 975 621 extenuat.
1015 560 1142 640 Sanguis

128 662 227 713 autem
250 669 266 710 a
289 651 380 710 nimio
404 648 472 710 cibo
495 651 645 728 nimiaque
668 651 788 728 potione
812 651 918 727 incipit
940 648 1092 709 abundare
1113 658 1143 710 et
1170 666 1184 706 a

128 741 274 802 cruditate
304 740 519 816 conrumpitur.
561 735 619 807 Qui
647 755 716 798 cum
739 746 879 816 evagatur
907 745 989 798 extra
1018 756 1141 799 cursum

127 836 259 906 naturae,
282 828 373 887 infert
396 825 493 904 aliqua
512 828 632 905 corpori
649 828 727 905 vitia,
748 834 777 886 et
795 828 826 886 in
846 843 1032 904 quacumque
1055 836 1140 905 parte

128 923 293 994 conruptus
312 913 457 995 incubuit,
476 914 578 992 fatigat
597 922 627 975 et
645 914 744 975 laedit.
780 914 853 974 Nam
873 917 993 992 sangnis
1013 916 1140 975 animam

128 1022 247 1083 quoque
271 1004 354 1064 vitiat
378 1012 407 1063 et
430 1002 499 1062 inde
518 1021 551 1063 os
570 1001 700 1064 bominis
718 1004 824 1081 incipit
847 1002 949 1063 fetere.
996 1002 1070 1063 Cum
1095 1011 1141 1064 ost

128 1111 198 1171 ergo
213 1095 329 1169 integer
344 1093 474 1171 sanguis,
492 1094 619 1152 animam
634 1094 698 1152 sine
712 1090 803 1152 dubio
819 1091 982 1172 confirmat,
998 1099 1032 1152 ut
1045 1094 1141 1170 possit
1155 1109 1180 1148 ιο

128 1180 222 1259 frigus
242 1179 429 1258 caloremque
448 1180 556 1240 fortius
575 1183 733 1241 sustinere.
765 1179 803 1240 m
822 1197 891 1240 oum
910 1178 1040 1240 abundat
1059 1199 1140 1240 cum·

128 1287 185 1346 que
209 1268 306 1328 calore
330 1270 443 1328 animae
467 1271 688 1348 conrumpitur,
711 1269 745 1328 fit
768 1271 881 1347 sanies;
911 1275 974 1328 tum
998 1275 1028 1328 et
1051 1267 1141 1329 bilem

128 1365 221 1417 atram
245 1355 406 1417 concitabit
429 1364 459 1417 et
482 1356 610 1417 calorem
634 1355 784 1416 interdum
803 1375 837 1416 ao
855 1356 950 1434 frigus
969 1356 1058 1417 saciet
1077 1375 1141 1417 cor·

127 1448 252 1525 porique
276 1447 415 1506 universo
438 1444 611 1523 languorem
633 1446 806 1523 animaeque
825 1443 934 1504 malum
954 1444 1076 1504 odorem
1095 1445 1141 1506 vel

89 1540 109 1589 4
128 1534 290 1595 anhelitum
313 1535 409 1594 faciet.
446 1532 511 1604 Quo
535 1533 650 1593 facilius
670 1534 762 1612 igitur
781 1532 943 1592 commodis
962 1532 1140 1594 valetudinis
1154 1550 1180 1591 rs

127 1622 262 1684 fruamur
285 1631 315 1684 et
338 1621 524 1682 incommoda
548 1622 687 1701 vitemus,
710 1623 909 1700 prognostica,
933 1620 963 1681 id
987 1628 1034 1681 est
1056 1640 1140 1700 prae-

127 1713 279 1773 currentia
301 1713 380 1792 vitia,
400 1711 493 1787 signis
517 1708 701 1770 naturalibus
725 1727 938 1786 cognoscamus
962 1712 1140 1790 cognitaque

127 1802 327 1881 emendemus,
342 1816 379 1859 ne
393 1797 546 1858 mortifera
561 1798 639 1858 fiant.
672 1796 819 1868 Quattuor
833 1799 925 1876 igitur
940 1797 1140 1877 disponuntur

127 1890 261 1967 corporis
280 1896 390 1967 partes,
408 1887 494 1948 cuius
514 1888 596 1964 origo
616 1889 646 1946 in
666 1888 763 1965 capite
777 1893 824 1946 est
838 1895 868 1947 et
883 1886 1012 1967 thorace,
1031 1886 1139 1948 deinde

127 1982 231 2035 venter
254 1976 391 2054 sequitur
414 1983 445 2036 et
468 1977 574 2037 vesica.
610 1975 653 2036 lta
677 1993 748 2053 ergo
771 1974 905 2035 locorum
928 1976 1055 2036 istorum
1079 1979 1138 2038 sin·
1151 1993 1177 2034 ao

86 2069 210 2124 aceras
234 2073 318 2125 notas
343 2081 564 2141 cognoscemus.
610 2063 744 2124 Hominis
768 2065 833 2123 sani
855 2065 941 2124 urina
965 2083 1050 2124 mane
1074 2064 1139 2125 alba

126 2154 191 2232 erit,
210 2159 278 2212 ante
297 2152 455 2230 prandium
473 2152 548 2228 rufa,
572 2155 672 2231 pransi
695 2169 802 2212 rursus
823 2151 956 2234 candida,
979 2154 1052 2213 item
1071 2161 1139 2214 ante

126 2258 230 2300 cenam
252 2258 364 2301 russea.
400 2239 461 2300 Nec
485 2258 539 2318 ego
562 2248 661 2301 tamen
683 2242 891 2301 necessitatem
910 2241 1077 2318 prandendi
1094 2244 1139 2303 in·

125 2331 220 2410 posui,
239 2329 291 2389 sed
310 2330 403 2407 magis
421 2330 537 2389 urinam
552 2339 583 2389 ct
596 2336 730 2408 tempora
744 2329 888 2390 naturalia
902 2328 1028 2390 ostendi,
1065 2329 1139 2392 Can·

125 2415 193 2476 dida
217 2419 297 2477 enim
319 2418 406 2477 urina
430 2416 518 2478 debet
541 2435 620 2497 esse,
649 2417 702 2478 ubi
725 2416 856 2478 cruditas
879 2435 940 2478 non
963 2426 1022 2498 est,
1051 2434 1176 2479 manera

126 2506 226 2583 quieto
251 2523 385 2587 corpore,
409 2504 515 2565 deinde
539 2515 638 2566 motus
661 2508 726 2585 ipse
748 2514 778 2566 et
796 2505 995 2567 deambulatio
1020 2509 1138 2567 urinam

124 2593 226 2654 turbat
260 2595 428 2673 excitatque
460 2595 589 2655 vesicam
621 2594 749 2673 ideoque
777 2595 936 2655 coloratior
963 2596 1004 2656 fit.
1051 2594 1138 2666 Quod

125 2683 152 2741 si
174 2700 259 2742 mane
284 2684 369 2742 urina
393 2685 551 2744 mutaverit
574 2683 713 2764 colorem,
736 2683 866 2744 ostendit
889 2683 1013 2745 subesse
1032 2686 1138 2746 vitium

87 2779 105 2827 6
125 2771 316 2852 infirmitatis,
335 2770 414 2850 quod
431 2778 530 2831 tamen
544 2773 674 2850 propriis
689 2771 807 2833 indiciis
821 2771 1029 2851 intellegimus.
1063 2773 1138 2833 Cum

125 2861 204 2920 enim
222 2879 239 2920 a
259 2861 355 2940 capite
373 2858 497 2920 morbus
516 2861 622 2942 oritur,
641 2860 715 2922 solet
732 2863 837 2940 capitis
856 2860 940 2920 dolor
959 2879 1136 2943 conparere3
1151 2878 1176 2919 ao

124 2956 196 3008 tunc
216 2958 245 3009 et
264 2949 422 3029 supercilia
441 2957 609 3028 gravantur,
628 2957 762 3028 tempora
781 2949 897 3029 saliunt,
917 2967 1004 3010 aures
1022 2958 1138 3031 sonant,

124 3033 204 3095 oculi
222 3034 386 3117 lacrimant,
405 3056 493 3098 nares
513 3036 643 3116 repletae
663 3038 785 3098 odorem
803 3056 862 3098 non
883 3040 1023 3099 sentiunt.
1061 3038 1138 3099 Cum

124 3141 160 3183 cx
183 3121 231 3182 his
254 3141 325 3201 ergo
349 3124 460 3202 aliquid
483 3126 599 3207 accidit,
623 3135 712 3205 caput
733 3128 856 3204 purgari
879 3134 996 3205 oportet
1016 3126 1072 3188 hac
1092 3145 1138 3187 ra-

124 3212 213 3272 tione.
250 3210 363 3290 Hysopi
390 3223 442 3273 aut
469 3215 583 3275 cunilae
611 3212 739 3274 bubulae
767 3213 941 3274 fasciculum
969 3233 1036 3276 oum
1060 3234 1138 3295 aqua

194 3352 210 3400 3
229 3344 382 3416 torsiones]
401 3347 492 3401 toriur
509 3348 551 3402 oei
569 3349 667 3403 tortus.
728 3353 743 3402 6
759 3351 894 3416 evagatur
907 3351 1019 3419 scripsi:
1038 3365 1138 3406 eraca-

122 3416 169 3470 tur
191 3417 248 3472 cod.
272 3420 425 3471 evacuatur
444 3417 602 3474 Octobriue.
695 3425 727 3473 12
750 3418 844 3473 anima
862 3426 921 3477 2m.
1009 3425 1041 3474 15
1060 3421 1138 3476 vale·

123 3484 229 3542 tudinis
248 3493 297 3543 1m
316 3486 481 3543 valitudinis
500 3494 559 3545 2m.
633 3495 668 3544 ³0
686 3491 858 3563 comparere]
878 3495 1044 3561 temperare.
