2422 3878
486 92 725 157 -140-

99 258 135 318 ad
155 224 395 336 paralyticosfad
415 274 475 338 eos,
495 257 546 335 qui
565 274 600 315 ex
619 255 807 315 incommodo
826 261 969 334 tremunt,
990 254 1025 315 ad
1045 272 1105 314 nes-

98 349 184 426 ciam,
207 345 242 404 ad
266 345 454 424 hydropicos,
478 345 514 405 ad
537 344 780 422 opisthotonicos‚
804 343 841 403 ad
864 343 975 422 pedum
997 342 1105 404 subitos

98 434 216 494 dolores
241 433 286 493 vel
309 434 485 512 gravidines,
509 433 544 493 ad
568 432 670 510 longas
693 434 842 492 viscerum
865 449 971 492 causas
995 430 1042 490 vel
1062 431 1105 490 do·

97 522 190 598 iores,
221 521 256 582 ad
286 522 445 601 pthisicoS,
473 521 508 580 ad
534 521 675 597 inediam,
703 520 738 580 ad
766 519 866 600 lienis,
894 520 931 580 ad
960 521 1055 599 epatis
1081 528 1108 580 et

99 612 135 672 ad
154 613 364 671 intestinorum
387 610 514 688 dolores,
538 609 574 669 ad
598 609 737 669 duritiam
761 627 879 688 quoque
904 610 999 688 epatis
1021 609 1127 669 rasel-r

98 700 232 780 rendam,
256 699 291 759 ad
311 705 414 777 partus
435 697 642 778 extrahendos,
666 699 718 776 qui
741 705 810 757 ante
828 700 1031 757 maturitatem
1052 697 1107 757 iue-

98 791 160 849 rint
184 789 307 866 enecati,
332 794 362 846 et
386 786 503 865 siquid
527 794 595 865 post
618 794 736 865 partum
755 786 902 846 resederit
921 785 1108 846 evocandum.

98 877 183 947 Quod
202 875 450 935 medicamentum
470 873 506 935 ab
525 873 708 954 Eutychiana
728 874 876 934 archiatro
900 877 1032 953 primum
1056 882 1108 934 tra·

98 966 192 1025 ditum
215 964 319 1023 fertur.
366 963 458 1024 Cuius
481 964 642 1041 descriptio
670 961 751 1024 talis:
790 962 920 1023 Storacis
948 959 1028 1042 drag.
1053 961 1110 1043 llll,

98 1055 151 1113 iris
161 1052 294 1131 illyricae
305 1049 384 1131 drag.
393 1051 455 1133 llll,
468 1052 637 1132 hyoscyami
647 1049 727 1128 drag.
737 1051 758 1131 l,
772 1054 951 1130 opopanacis
962 1047 1044 1128 drag.
1053 1050 1110 1132 1111,
1121 1068 1140 1107 u

98 1159 214 1221 myrrae
228 1139 434 1221 troglodytidis
449 1142 528 1220 drag.
543 1139 606 1221 llll,
622 1141 737 1200 resinae
753 1139 970 1200 terebinthinae
985 1140 1065 1218 drag.
1080 1140 1111 1222 ll,

98 1232 210 1308 piperis
238 1227 296 1288 albi
324 1227 405 1306 drag.
428 1228 495 1310 ΧΗ,
524 1229 660 1289 circuitui
688 1226 768 1307 drag.
794 1227 848 1310 Xl,
875 1231 936 1309 opii
965 1225 1046 1308 drag.
1066 1229 1111 1308 Xl,

99 1317 216 1396 galbani
231 1314 310 1396 drag.
325 1317 387 1378 llll.
414 1317 494 1378 Haec
513 1319 609 1377 omnia
629 1317 854 1396 diligentissime
869 1325 965 1399 tunsa,
985 1318 1111 1379 cribrata

100 1416 130 1467 et
157 1409 240 1487 trita,
269 1415 303 1467 ut
330 1409 511 1486 permiscere
540 1424 572 1465 se
595 1407 724 1483 possint,
750 1424 825 1484 aqua
849 1406 942 1465 nitida
965 1408 997 1465 in
1021 1425 1112 1468 unum

100 1495 230 1572 colliges,
253 1497 295 1555 ita
318 1504 352 1556 ut
376 1504 522 1556 storacem
545 1503 575 1553 et
597 1492 755 1570 galbanum
778 1496 937 1572 separatim
956 1502 1025 1556 ante
1045 1515 1111 1555 ccn-
1124 1509 1144 1550 rs

100 1584 220 1663 tundas3
254 1603 328 1663 quae
362 1583 451 1644 simul
480 1582 603 1642 confusa
635 1600 709 1660 aqua
741 1581 862 1660 colliges
890 1590 920 1642 et
948 1584 1112 1645 trochiscos

100 1672 136 1731 ad
159 1690 331 1732 mensuram
354 1670 432 1731 oboli
456 1671 547 1730 iacies
570 1677 601 1729 et
624 1687 692 1730 cum
716 1673 917 1731 necessarium
946 1672 1051 1754 fuerit,
1079 1691 1113 1731 ex

101 1779 177 1839 aqua
196 1760 288 1820 calida
307 1758 452 1819 bibendos
471 1757 555 1818 dahis
570 1777 636 1818 cum
653 1757 766 1837 cyathis
782 1758 879 1819 tribus
893 1766 1006 1842 ternos,
1025 1768 1114 1839 prout

100 1856 180 1908 aetas
203 1857 255 1908 aut
277 1849 371 1908 virtus
396 1848 494 1907 luerit.

527 2040 605 2099 GAP.
628 2039 686 2099 iv.

99 2152 154 2207 Ad
176 2151 333 2218 anginam
354 2151 411 2206 vel
433 2152 628 2218 synanchen
653 2153 688 2206 et
710 2153 859 2206 strumas
887 2153 922 2206 et
943 2154 1115 2221 parotidas

99 2241 134 2294 st
156 2241 311 2293 reumata
338 2243 373 2293 et
396 2239 575 2306 glandulas
598 2238 655 2293 vel
676 2238 808 2294 tosillas
836 2241 870 2294 et
892 2240 938 2293 ad
961 2255 1002 2296 ea
1025 2256 1114 2311 quae

99 2326 258 2382 faucibus
279 2327 452 2381 haeserint
475 2327 647 2382 evocanda
670 2327 820 2382 remedia
841 2327 1057 2385 rationabilia
1081 2335 1116 2386 et

294 2415 434 2484 physica
453 2414 586 2470 diversa
605 2415 648 2469 tle
668 2414 919 2483 experimentis.

66 2565 80 2611 1
189 2551 320 2628 huginae
340 2551 461 2629 prodest
480 2551 632 2627 sanguinis
650 2550 803 2631 detractio,
823 2551 1048 2613 cucurbitarum
1065 2554 1113 2613 ad·
1128 2571 1153 2610 ao

100 2639 206 2700 hibitio
230 2647 388 2718 ceteraque
408 2636 525 2718 auxilia,
549 2637 658 2716 quihus
676 2638 785 2698 medici
803 2638 953 2699 efficacius
973 2651 1114 2722 utuntur3

100 2730 313 2790 medicamenta
341 2736 440 2788 autem
468 2726 613 2804 simplicia
640 2726 712 2786 haec
745 2736 826 2787 recte
858 2727 984 2789 iaciunt:
1022 2729 1115 2790 Laser

100 2818 294 2898 Cyrenaicum
322 2835 398 2896 aqua
425 2815 552 2875 dilutum
581 2817 711 2875 crassius
744 2833 798 2893 per
825 2817 946 2894 pinnam
976 2817 1114 2879 faucibus

100 2907 264 2967 adhibitum
288 2905 333 2966 vel
358 2903 555 2983 euphorbium
584 2921 658 2982 aqua
688 2901 814 2962 dilutum
843 2904 980 2964 simihter
1002 2907 1114 2985 inposi-

63 3000 171 3053 ttum.
206 2994 449 3072 Conpositionum
473 3002 571 3053 autem
595 2992 667 3052 haec
692 2998 762 3050 sunt
781 2997 861 3069 apta:
884 2991 974 3052 Fellis
994 2998 1114 3077 taurini,
1129 3010 1154 3050 as

171 3160 361 3229 tydropicos.
450 3162 524 3215 iad
541 3160 635 3231 lienis]
656 3159 701 3213 vel
719 3160 809 3215 lienis.
893 3161 986 3231 eparis
1005 3165 1070 3218 item
1089 3172 1113 3219 5.

99 3232 279 3284 asterachis.
371 3237 405 3285 10
422 3231 566 3300 yosciami.
658 3235 689 3282 11
709 3231 910 3287 terebentinae.
998 3239 1032 3288 14
1052 3252 1114 3303 per-

98 3300 216 3356 miscere
235 3300 277 3371 se]
296 3301 458 3368 permisceri
476 3301 551 3354 inter
569 3316 598 3354 se
619 3298 778 3355 Carnarius.
853 3310 885 3357 it
905 3305 1072 3360 storachem.

169 3373 211 3428 tit,
231 3370 400 3425 sinanohem.
475 3371 510 3424 ad
529 3377 592 3424 ante
610 3386 644 3424 ea
662 3387 712 3425 om.

170 3449 204 3497 23
223 3442 400 3512 cyrinaienm.
473 3447 508 3495 24
527 3440 671 3497 adhibitus
689 3442 759 3512 (sic).
