2422 3878
186 270 431 344 MARCELLI
460 271 522 343 DE
552 268 919 344 MEDICAMENTIS
950 269 1106 344 LIBER.

581 394 660 456 CAP.
684 394 705 456 l.

452 508 505 562 Ad
528 507 647 576 capitis
669 507 833 562 dolorem.

102 641 116 687 1
225 625 268 686 ld
288 627 394 704 capitis
413 625 545 686 dolorem
559 627 648 686 etiam
662 626 693 684 in
709 623 785 685 febri
798 625 904 702 primis
919 623 1025 684 diebus
1040 625 1154 685 incom-

137 714 217 775 modi
231 714 353 794 serpulli
367 747 411 757 —
425 713 453 791 1,
472 732 557 774 rosae
572 714 671 774 aridae
688 746 726 755 -
738 712 766 773 ll
778 715 982 792 incoquuntur
996 731 1066 773 cum
1080 713 1153 774 duo·

137 803 193 864 bus
213 804 349 863 sextariis
363 804 440 863 aceti
455 804 600 882 acerrimi,
620 803 714 863 donec
729 801 764 862 ad
784 801 921 863 dimidias
938 800 1152 880 perducantur.

136 891 208 952 lnde
236 893 364 951 sumitur
388 890 511 970 cyathus
535 898 565 950 et
587 890 704 952 duobus
727 908 812 950 rosae
836 888 949 969 cyathis
972 889 1049 951 hene
1073 910 1152 952 com·

136 981 281 1040 miscetur
313 979 545 1058 frequenterque
576 987 699 1040 curatur
727 998 763 1040 ex
792 997 826 1039 eo
855 986 957 1059 capnt,
989 977 1044 1039 ubi
1072 982 1177 1040 enims

137 1068 262 1130 incaluit
290 1068 368 1146 quod
397 1068 530 1128 infusum
557 1076 616 1148 cst,
648 1070 708 1128 nisi
735 1085 840 1128 recens
868 1067 1027 1149 adiciatur,
1055 1076 1152 1130 nocet.

103 1157 212 1217 altem
240 1155 362 1235 prodest
390 1156 494 1216 eodem
522 1156 609 1215 modo
638 1164 704 1216 ruta
730 1174 785 1235 per
808 1174 840 1215 se
863 1154 909 1216 vel
932 1174 1000 1216 cum
1024 1156 1152 1218 hederae

138 1245 220 1306 bacis
248 1245 371 1306 decocta
398 1253 428 1305 et
456 1246 545 1322 capiti
575 1245 673 1324 tepide
697 1245 802 1305 infusa.
844 1243 1008 1324 Polygonos
1032 1264 1152 1325 quoque

138 1333 242 1414 herba,
271 1352 346 1413 quae
373 1332 476 1393 Latine
505 1335 693 1411 sanguinaria
722 1333 846 1413 dicitur,
870 1340 900 1392 et
926 1341 1027 1394 menta
1049 1334 1152 1395 multis

103 1476 104 1479 ,
138 1423 251 1502 proluit
278 1422 380 1483 eadem
408 1424 523 1483 ratione
551 1422 673 1483 decocta
702 1432 732 1482 et
755 1423 846 1500 capiti
868 1421 974 1482 inlusa.
1011 1421 1151 1484 Dolorem
1164 1437 1188 1476 10

138 1514 243 1592 capitis
272 1511 350 1572 levat
377 1511 544 1591 sfondylion
573 1518 602 1571 et
630 1513 698 1587 agni
727 1528 828 1570 semen
856 1518 886 1571 et
908 1510 1019 1588 platani
1041 1511 1151 1590 piIulae

138 1601 275 1661 similiter
303 1608 386 1661 aceto
413 1603 547 1660 incestae
575 1616 703 1677 rosaque
731 1598 843 1677 duplici
866 1616 1005 1659 mensura
1028 1600 1152 1678 simplae

138 1691 215 1750 aceti
238 1691 409 1768 commixta,
438 1688 527 1748 sicuti
550 1696 580 1746 et
603 1685 764 1766 polygonos
793 1689 932 1765 superius
960 1687 1039 1748 dicta
1063 1688 1152 1750 dehet

102 1788 118 1836 3
139 1780 278 1858 excoqui,
306 1777 336 1837 id
360 1782 406 1836 cst
429 1793 463 1835 ea
487 1793 562 1853 qnae
586 1777 774 1853 sanguinaria
798 1775 916 1838 dicitur.
954 1775 1027 1837 Cum
1051 1785 1152 1838 autem

137 1866 275 1946 plurimis
299 1864 403 1925 diebus
422 1865 565 1923 manserit
583 1863 667 1924 dolor
686 1866 800 1945 capitis,
824 1873 888 1926 tum
907 1865 1041 1924 omnium
1060 1877 1188 1945 supra1t

137 1955 287 2014 dictorum
314 1959 432 2032 oportet
459 1953 562 2012 uncias
595 1952 725 2031 singulas
753 1955 832 2014 sumi
858 1952 965 2032 hisque
993 1953 1153 2016 admisceri

137 2042 215 2101 lauri
237 2040 391 2119 bacarum,
412 2041 558 2125 castorei,
586 2059 696 2102 nucum
721 2059 899 2123 amararum,
927 2041 1023 2120 pulei,
1048 2042 1152 2105 sabuci

138 2129 277 2190 foliorum
310 2130 413 2189 uncias
446 2128 576 2207 singulas
604 2137 634 2190 et
662 2132 739 2190 aceti
766 2133 903 2191 sextariis
931 2138 1073 2209 quattuor
1102 2132 1151 2193 de-

138 2237 267 2297 coquere
287 2217 322 2277 ad
342 2217 478 2278 dimidias
492 2226 522 2277 et
537 2218 639 2278 eodem
656 2218 744 2278 modo
759 2236 826 2278 rosa
840 2219 968 2280 admixta
982 2218 1151 2304 dupliciter,

102 2316 120 2364 4
139 2307 191 2367 sed
214 2325 273 2366 non
297 2315 357 2366 tam
380 2306 553 2385 frequenter
576 2314 665 2384 capnt
689 2325 802 2368 curare.
839 2307 883 2368 Aa
907 2326 1025 2368 omnem
1045 2311 1186 2388 capitiso

139 2394 270 2456 dolorem
303 2395 464 2455 efficaciter
496 2395 618 2473 prodest
648 2394 832 2456 medicamen
865 2396 937 2457 tale:
975 2395 1151 2478 Crocomag·

137 2485 286 2544 matis-
306 2483 333 2564 l,
361 2483 499 2544 aluminis
527 2485 614 2544 scissi
641 2483 687 2544 vel
710 2483 801 2563 gallae
821 2517 862 2528 -
882 2484 909 2564 l,
936 2484 1008 2545 haec
1032 2488 1092 2546 teri
1116 2505 1151 2547 ex

139 2574 200 2632 acri
224 2579 306 2632 aceto
331 2581 361 2632 et
383 2589 451 2632 rosa
474 2571 601 2648 duplicis
620 2573 760 2650 ponderis
779 2575 910 2634 vicissim
928 2573 1043 2634 adiecta
1062 2593 1151 2654 opor-

138 2668 195 2742 tet,
223 2679 318 2740 usque
346 2660 417 2722 dum
445 2659 541 2720 mellis
569 2659 696 2721 habeant
721 2662 945 2740 spissitudinem
967 2670 1058 2740 atque
1080 2665 1151 2725 inde

102 2758 118 2807 5
138 2750 266 2811 frontem
285 2758 315 2811 et
334 2751 485 2828 utrimque
504 2756 637 2827 tempora
656 2748 798 2810 oblinere.
830 2751 873 2811 ld
888 2752 992 2830 capitis
1008 2750 1151 2835 dolorem,
1163 2764 1186 2805 2⁶

138 2859 206 2900 cum
229 2840 446 2920 inveteraverit,
470 2837 545 2898 bene
570 2836 639 2898 lacit
662 2838 734 2899 haec
756 2840 934 2917 conpositio:
957 2838 1073 2918 Myrrae
1089 2839 1150 2923 lll,

138 2930 219 2989 croci
238 2927 263 2987 ll
281 2928 321 3010 ll,
349 2927 567 3008 amygdalarum
592 2925 676 3007 llll,
703 2936 788 2988 rutae
816 2927 920 2988 viridis
944 2925 1042 3008 Xlll,
1071 2928 1150 2990 sion·

138 3014 209 3094 dylii
223 3025 253 3075 et
267 3019 386 3093 panacis
400 3016 426 3076 ll
441 3015 582 3096 singulos,
597 3014 674 3075 lauri
687 3015 827 3076 bacarum
842 3014 925 3096 lllll,
941 3015 1066 3095 serpulli
1080 3015 1152 3100 xil,

209 3183 352 3238 lduohus
365 3200 446 3239 rosae
461 3186 570 3255 cyathis
585 3203 634 3241 om.
699 3202 770 3255 pene
785 3184 992 3242 commiscetur.
1067 3192 1153 3256 'iper

138 3273 167 3309 se
182 3271 232 3310 om.
280 3258 312 3307 10
331 3253 426 3324 tepide
444 3262 508 3310 ante
528 3256 620 3310 inlusa
640 3257 704 3311 add.
725 3257 886 3312 cormarico.
934 3262 966 3311 11
987 3255 1152 3314 sfondilion.

136 3327 250 3396 hyagni.
325 3330 357 3379 12
381 3342 446 3380 rosa
463 3341 575 3393 quoqne
596 3325 754 3383 nonarius.
819 3326 929 3382 simbla.
1012 3334 1045 3382 13
1065 3329 1153 3385 dicto.

139 3403 172 3451 14
191 3411 343 3465 exquoque.
417 3401 450 3449 11
468 3396 597 3451 nochum.
671 3403 705 3452 21
721 3397 928 3454 crocoacmatis.
1002 3405 1036 3453 27
1053 3415 1153 3471 amyg-

136 3466 265 3522 dalarum
282 3482 438 3521 amararum
458 3467 617 3523 Carnarius.
