2422 3878
549 111 764 175 „gg-

152 273 345 336 cundioribus
374 292 433 333 non
463 275 592 352 renasci,
620 273 696 333 lacte
725 271 859 332 mulieris
888 289 923 332 eo
951 271 999 332 die
1023 290 1161 355 expresso

152 383 210 442 quo
230 365 346 466 peperit
365 364 503 440 continge
523 361 658 423 crebrius
678 362 750 440 loca,
772 360 807 420 de
828 359 937 439 quibus
956 359 1034 439 pilos
1053 360 1161 422 tuleris.

98 450 212 515 178Pili
241 454 267 511 si
294 451 388 511 oculis
416 452 535 511 molesti
563 458 663 528 erunt,
696 458 835 527 potenter
863 451 958 509 uteris
990 449 1048 510 hoc
1077 449 1162 510 medi-

152 542 279 600 camine:
303 540 443 601 Lacertae
462 540 565 599 viridis
584 538 623 598 iel
642 540 733 598 misce
754 556 822 598 cum
840 539 909 598 vino
927 536 1003 617 albo,
1022 546 1160 616 quantum

153 628 291 689 sulficere
315 630 538 707 existimaveris,
558 635 588 687 et
610 629 722 687 mitte
715 645 746 686 ru
765 645 815 686 ras
834 644 954 687 aereum
974 629 1180 705 positumquer

113 754 115 758 ·
153 717 188 777 ad
208 716 301 777 solem
320 725 379 777 tam
395 718 446 776 din
470 719 554 794 agita,
574 716 669 775 donec
688 715 916 776 crassitudinem
936 715 1033 775 mellis
1052 715 1161 794 habeat,

101 818 151 868 179
160 815 248 884 atque
272 824 308 864 ex
328 824 362 864 eo
381 802 444 865 loca
464 804 592 882 pilorum
613 802 764 864 vulsorum
784 802 891 882 unge·
907 803 1076 865 Lucernam
1095 805 1162 864 licti-

153 893 211 954 lem
235 893 271 953 de
295 912 405 972 papyro
422 901 459 953 'et
483 891 610 952 medulla
632 895 751 952 vaccina
780 894 956 952 concinnato
985 901 1076 971 atque
1105 896 1162 953 eius

134 983 235 1058 ¹sunm
259 983 320 1042 sive
344 981 466 1059 iuligine
490 981 535 1041 vel
558 981 640 1060 lignp⁷
663 999 717 1059 pro
742 980 951 1058 calliblepharo
974 988 1077 1062 utere,
1110 999 1161 1060 quo

153 1070 309 1149 palpebras
335 1088 437 1130 exesas
461 1078 491 1130 et
514 1068 630 1148 glabras
654 1071 772 1148 saepius
796 1068 965 1146 inungendo
993 1068 1161 1131 decentissi-
1173 1081 1191 1120 1⁰

102 1172 222 1220 180mas
251 1160 349 1219 iacies.
401 1159 517 1218 Glabris
544 1157 694 1237 palpebris
722 1157 798 1236 pilos
825 1157 962 1237 induces,
996 1160 1022 1217 si
1051 1176 1162 1238 oesypo,

156 1248 234 1326 quod
259 1247 314 1308 sub
338 1250 428 1308 armis
452 1251 551 1308 orium
576 1249 717 1324 nascitur,
741 1246 853 1305 adiecta
877 1263 976 1324 myrra
995 1248 1163 1326 pariterque

155 1338 186 1395 in
205 1339 346 1396 mortario
367 1339 435 1397 trita
455 1336 577 1416 specillo
597 1335 690 1396 calido
711 1334 773 1394 loca
793 1333 861 1413 pilis
884 1333 963 1393 nuda
981 1334 1163 1412 perduxeris.

102 1423 239 1485 181Pilos
272 1425 366 1485 oculis
399 1425 539 1486 molestos
570 1424 793 1502 diligentissime
822 1421 911 1482 velles
947 1430 1037 1500 atque
1066 1441 1163 1484 eorum

155 1512 219 1574 loca
241 1513 358 1575 hircino
381 1517 524 1593 sanguine
547 1513 662 1573 recenti
681 1519 731 1571 aut
749 1511 860 1589 leporis
880 1518 931 1570 aut
949 1511 1164 1589 vespertilionis
1175 1521 1193 1562 1⁵

155 1602 263 1663 inlines
291 1603 338 1663 vel
365 1605 470 1663 canino
499 1602 573 1663 lacte
603 1602 757 1678 continges
787 1607 837 1660 aut
860 1618 915 1660 acu
939 1617 1050 1677 cuprea
1076 1599 1164 1661 calido

103 1700 244 1752 182aceto
265 1694 384 1770 saepius
399 1690 528 1751 delibuta
548 1689 704 1768 perduces.
739 1688 855 1766 Capnos
875 1690 993 1748 nomine
1009 1696 1056 1748 est
1070 1688 1164 1767 herba,

156 1782 242 1841 cuius
266 1798 356 1840 sucus
380 1781 447 1838 vino
470 1781 580 1839 mixtus
600 1785 688 1856 atque
708 1776 811 1838 inlitus
829 1777 912 1858 locis,
931 1777 967 1837 de
988 1777 1100 1856 quibus
1118 1775 1165 1856 pili

104 1868 197 1929 183ab
217 1869 310 1928 oculis
329 1868 441 1928 luerint
459 1869 606 1946 extirpati,
630 1868 747 1926 renasci
770 1884 821 1926 eos
840 1885 900 1926 non
919 1867 1076 1946 permittit.
1116 1867 1164 1927 lla-

157 1956 322 2017 nunculum
349 1955 474 2015 viridem
503 1956 741 2034 conprehensum
769 1972 824 2015 acu
852 1973 962 2033 cuprea
990 1958 1117 2034 pungite
1141 1961 1194 2014 ean

157 2047 299 2122 sanguine
328 2045 393 2104 eius
417 2053 540 2122 excepto
568 2043 736 2122 palpebras,
763 2042 932 2122 dequibus
956 2044 1033 2121 pilos
1058 2043 1165 2122 tuleris,

104 2130 287 2192 184subinde
312 2134 459 2213 continge,
482 2150 643 2210 numquam
666 2139 871 2192 renascentur.
917 2131 1165 2212 Sanguisugarum

157 2222 187 2279 in
207 2218 263 2278 olla
283 2219 496 2281 conbustarum
515 2223 606 2281 tritus
624 2221 833 2280 delicatissime
853 2222 929 2280 cinis
948 2228 977 2280 et
991 2220 1085 2282 vulsis
1104 2221 1165 2300 pilis

157 2306 364 2387 palpebrarum
388 2311 536 2388 inpositus
559 2309 605 2369 vel
628 2311 784 2388 inspersus
802 2311 920 2368 renasci
939 2327 991 2369 eos
1010 2327 1072 2369 non
1092 2311 1166 2370 sinit.

105 2396 254 2474 185Adipe
279 2396 365 2456 vituli
388 2399 413 2457 si
432 2398 590 2478 palpebras
609 2400 771 2458 crassiores
790 2398 977 2476 perunxeris,
996 2397 1195 2459 extenuabiso

159 2502 208 2544 eas
233 2491 262 2544 et
286 2485 322 2546 ad
341 2488 496 2548 sanitatem
515 2488 670 2566 perduces.
707 2485 848 2546 Eiusdem
868 2485 996 2546 medulla
1015 2504 1084 2546 cum
1105 2503 1167 2550 cera

158 2573 279 2634 etoleo
308 2593 430 2635 rosaceo
454 2578 557 2655 aequis
580 2573 764 2655 ponderibus
786 2573 945 2652 liquefacta
973 2581 1003 2634 et
1026 2578 1167 2653 permixta

158 2669 187 2722 et
215 2662 251 2723 ad
280 2662 432 2741 emplastri
459 2665 580 2726 modum
606 2665 735 2743 inposita
761 2663 886 2724 duritias
909 2661 1121 2740 palpebrarum
1143 2670 1169 2724 et

158 2753 184 2811 si
209 2771 266 2830 qua
292 2752 384 2813 illic
376 2771 407 2812 rn
431 2753 550 2813 modum
574 2753 733 2832 pilularum
756 2769 870 2812 nascun
872 2760 934 2830 tur,
962 2742 1117 2813 conmollit
1139 2770 1169 2812 ac

106 2840 293 2902 tsediscutit.
339 2841 490 2920 Aegilopia
518 2841 656 2901 emendat
682 2843 770 2902 fimus
799 2838 988 2901 columbinus
1022 2858 1059 2900 ex
1087 2849 1198 2901 acetotl

159 2938 262 2990 coctus
286 2938 316 2990 et
338 2930 454 3006 inlitus3
478 2931 632 2990 cicatrices
655 2948 773 3009 quoque
793 2928 947 2990 oculorum
969 2934 1000 2987 et
1018 2928 1171 3008 albugines

106 3020 239 3077 termine
264 3018 400 3095 detergit.
437 3018 536 3078 lnulae
560 3020 690 3079 rusticae
713 3019 796 3078 radix
815 3016 910 3078 valide
929 3018 1171 3078 commanducata

159 3113 189 3164 et
208 3124 276 3164 cum
296 3125 367 3166 suco
387 3125 441 3166 suo
461 3109 588 3186 inposita
607 3106 754 3185 aegilopas
773 3113 910 3184 potenter
926 3105 1079 3187 emendat3
1098 3123 1171 3185 quae

159 3195 228 3271 quia
253 3193 304 3253 ubi
326 3197 440 3254 aruerit
462 3195 554 3275 cadit,
578 3197 736 3274 recentior,
760 3195 854 3255 donec
876 3201 1026 3275 persanet,
1050 3195 1172 3255 adsidue

230 3358 458 3452 toallibleiario.
546 3404 578 3453 11
597 3416 694 3469 ysopo
774 3405 806 3454 12
825 3399 918 3454 mirra.
1000 3406 1033 3456 13
1052 3399 1172 3471 spicillo.

160 3472 192 3521 15
211 3467 439 3537 vespertillionis
512 3474 545 3523 25
564 3470 750 3540 peruncxeris
883 3491 887 3496 ·
