2452 3878
401 86 777 205 ,-1534‘

102 301 199 360 omnia
231 300 305 360 hacc
337 298 563 377 diligentissime
595 301 666 361 trita
698 307 728 360 et
755 298 845 372 -melle
878 299 1000 362 collecta
1032 299 1112 361 labo-
1187 325 1190 328 ⁴

102 391 180 449 ranti
203 388 354 448 dabuntur
376 407 516 448 mensura
532 407 574 449 ‚ac
597 391 712 449 ratione
734 391 784 469 ita,
809 396 845 456 nt
866 396 951 449 terna
974 389 1112 451 cocliaria

100 479 220 538 ieiunus
243 478 389 555 accipiat«
828 475 831 480 '

517 669 596 731 cle.
620 667 694 731 XVI.

99 782 154 838 Ad
176 795 294 838 omnes
316 782 490 838 molestias
511 782 616 838 tussis
638 785 674 838 et
696 782 827 838 subitae
848 785 884 838 et
901 783 1052 838 diutinae
1071 797 1111 851 ac

58 930 59 936 ἵ
99 873 255 926 vetustae
270 872 305 925 et
318 870 430 944 siccae
444 873 549 939 atque
565 869 702 926 umidae
717 873 752 925 et
765 873 809 927 ad
826 871 988 940 pthisioos
1006 873 1110 942 atque
1201 921 1203 925 ,

100 973 158 1015 eos
181 958 242 1028 qui
264 959 568 1028 sanguinulentam
591 961 626 1013 et
648 959 872 1027 purulentum
893 962 1054 1015 excreant
1077 962 1112 1015 et
1174 966 1176 970 ·

99 1049 144 1104 acl
175 1047 346 1116 empyioos
378 1047 435 1102 vel
466 1046 720 1116 pleumoniaoos
756 1051 859 1117 atque
894 1061 953 1103 eos
985 1049 1111 1117 quibus

100 1149 182 1192 casu
205 1136 431 1204 sanguisugae
454 1135 543 1194 intra
570 1136 785 1192 stomachum
810 1137 1012 1206 inrepserint
1034 1150 1111 1192 neo·

98 1238 173 1280 non·
192 1227 227 1280 et
240 1225 294 1278 'ad
316 1222 483 1280 stomachi
505 1225 686 1279 stridorem
714 1227 749 1280 st
770 1238 814 1280 ne
837 1225 949 1281 media
972 1225 1112 1281 doleant

229 1311 380 1367 remedia
402 1312 541 1381 physica
565 1316 599 1368 et
621 1312 833 1368 rationabilia
855 1313 989 1369 diversa

448 1402 490 1456 de
515 1401 764 1470 experimentis.

188 1535 326 1598 Pastillus
349 1535 385 1596 ad
409 1543 522 1597 tussam
546 1532 577 1596 et
599 1535 827 1597 destillationem
845 1538 976 1614 pectoris
998 1545 1028 1597 et
1046 1538 1144 1615 pul-1

56 1641 71 1682 5
102 1625 198 1683 monis
225 1632 255 1685 et
282 1625 318 1685 ad
347 1625 504 1704 epiphoras
533 1624 687 1685 oculorum
715 1632 745 1685 et
774 1627 889 1685 vesicae
917 1625 1050 1685 dolorem
1080 1634 1110 1685 et

95 1711 210 1790 quibus
237 1713 327 1774 tubus
358 1714 561 1792 strangulatur
588 1716 707 1792 saepius
735 1722 766 1773 et
792 1732 852 1773 non
883 1715 947 1773 sine
975 1715 1109 1773 cruciatu

98 1802 215 1861 urinam
244 1802 370 1883 iaciunt,
397 1804 469 1862 item
493 1802 529 1862 ad
558 1819 623 1882 eos,
651 1803 703 1880 qui
726 1803 900 1879 sanguinem
923 1821 975 1863 ore
998 1803 1111 1862 eiciunt

98 1898 150 1950 aut
177 1907 231 1967 per
259 1892 374 1950 urinam
398 1890 541 1970 reddunt,
568 1889 604 1950 ad
632 1890 828 1950 deiectionem
853 1909 971 1969 qnoque
1001 1890 1058 1950 alvi
1081 1900 1110 1951 et
1148 1946 1150 1952 .

98 1977 135 2037 ad
158 1979 284 2038 tormina
309 1985 339 2038 et
362 1979 545 2056 gravidinem
567 1979 680 2038 ventris
701 1987 731 2038 et
749 1978 897 2038 choleram
917 1988 948 2039 et
966 1980 1111 2039 stomachi

53 2084 81 2122 ιο
98 2065 233 2126 crebram
259 2085 412 2145 nauseam,
442 2085 517 2146 quae
541 2085 609 2128 cum
633 2069 746 2127 vomitu
768 2069 832 2127 sine
855 2066 933 2127 febri
956 2068 1111 2149 excitatur,

97 2153 179 2214 utilis
207 2161 254 2214 est
282 2162 312 2215 et
339 2155 484 2234 quidquid
512 2157 635 2234 reprimi
659 2164 689 2215 et
711 2157 818 2215 siccari
840 2164 973 2238 oportet,
999 2157 1109 2235 optime

97 2245 265 2322 conpescit3
291 2250 445 2322 praeterea
471 2244 541 2305 iacit
564 2244 652 2304 etad
676 2245 809 2304 oninium
827 2246 957 2322 partium
976 2246 1110 2324 corporis

97 2329 229 2390 dolorem
253 2340 373 2408 praeter
396 2335 514 2413 eapitis3
538 2334 718 2411 quinetiam
740 2334 766 2392 si
785 2332 902 2410 quando
921 2332 1046 2394 adonius
1065 2334 1110 2393 rei

98 2436 186 2479 causa
210 2419 311 2479 datum
335 2420 441 2502 suerit,
471 2422 543 2482 aliae
572 2424 617 2481 rei
647 2423 716 2482 vitio
741 2440 798 2480 non
823 2424 881 2481 erit
903 2423 961 2482 hoc
983 2422 1109 2482 medica·

52 2522 82 2562 1⁵
97 2516 239 2567 mentum.
282 2507 356 2568 Cum
384 2517 483 2570 autem
507 2509 542 2569 ad
566 2512 677 2589 omnia,
701 2528 776 2587 quae
800 2529 890 2588 supra
914 2511 988 2591 dixi,
1015 2512 1109 2570 mani-

97 2595 172 2655 feste
195 2598 303 2675 prosit,
331 2603 394 2656 tum
418 2599 577 2676 praecipue
600 2598 636 2658 ad
664 2599 748 2659 initia
771 2598 904 2675 pthiseos
927 2596 1003 2658 bene
1026 2599 1110 2678 laeit3

97 2682 207 2744 multos
231 2687 309 2745 enim
329 2687 440 2763 eripuit
458 2705 494 2746 ex
514 2704 618 2764 magno
637 2685 771 2764 periculo
792 2686 943 2746 interdum
962 2684 1009 2745 bis
1028 2695 1109 2746 terve

98 2770 184 2831 datus
207 2773 257 2832 hic
279 2773 428 2852 pastillus,
452 2774 560 2851 recipit
582 2782 680 2834 alitem
704 2774 791 2834 haec:
823 2773 938 2851 Myrrae
962 2772 1109 2850 troglody-

96 2859 176 2920 tidos
200 2860 289 2940 llVl,
313 2863 395 2921 croci
417 2860 443 2920 ll
462 2860 494 2942 V,
518 2863 596 2922 turis
615 2861 641 2920 ll
659 2861 691 2942 V,
715 2863 776 2939 opii
794 2861 819 2920 ll
838 2859 900 2939 llll,
924 2860 1028 2921 alterni
1051 2859 1110 2921 albi
1198 2929 1200 2933 ,

50 2963 80 3002 ao
98 2949 219 3008 seminis
243 2947 355 3028 llllll,
383 2948 561 3027 Apollinaris
591 2949 701 3009 herbae
725 2949 834 3009 radicis
858 2948 979 3008 corticis
1002 2947 1110 3009 llllll.

96 3035 299 3098 Contunditur
322 3038 394 3098 haec
419 3045 520 3098 cortex
543 3055 597 3115 per
620 3055 652 3096 se
677 3045 706 3097 et
727 3037 875 3097 cribratur
899 3037 1110 3118 senatoriam,

169 3213 185 3260 2
204 3224 350 3262 mensurae
368 3207 487 3262 ratione.

168 3279 225 3333 ῆι..ι
243 3277 394 3333 molestias.
467 3277 673 3349 sanguisugias.

170 3349 322 3402 teholera
379 3355 413 3403 10
425 3350 568 3404 vomitum.
628 3355 658 3402 11
676 3347 789 3418 oportit.
840 3355 873 3403 13
891 3350 973 3405 verba
991 3349 1109 3404 alieuius

92 3417 138 3472 rei
156 3435 242 3472 causa
260 3420 286 3473 d.
303 3420 322 3474 f.
342 3419 416 3478 aliae
434 3422 476 3475 rei
494 3426 624 3490 corrupta
640 3436 694 3474 esse
707 3421 844 3475 videatur.
918 3426 954 3473 ts
969 3417 1126 3487 pthiseoex

91 3488 240 3559 pthisicos.
318 3496 351 3545 18
369 3490 581 3562 trocloditydos.
655 3495 692 3548 ‘itt
714 3492 865 3549 corticem.
935 3495 978 3546 ‘lt
996 3485 1106 3540 comm.
