2422 3878
547 147 762 212 ..60-

148 314 179 371 in
206 313 308 371 initiis.
346 310 478 390 Namque
506 310 629 389 prodest
655 309 712 369 hoc
740 325 863 390 genere,
892 309 971 388 quod
999 328 1035 370 ex
1059 309 1164 371 eadem

148 402 271 460 materia
295 407 419 480 constat,
443 417 517 478 quae
541 398 651 458 nullam
675 398 890 476 aspritudinem
910 397 1008 478 hahet,
1032 398 1163 477 quando

149 488 268 567 quidem
288 490 467 567 conponitur
486 506 520 547 ex
541 489 621 547 croci
642 485 668 546 X
688 485 719 565 V,
744 486 921 546 sarcocollae
940 485 966 546 X
985 485 1024 565 X,
1048 486 1164 565 glaucei

149 579 214 638 suci
238 576 262 637 X
282 575 350 656 XX,
378 576 562 654 tragacanthi
585 574 652 634 XV
676 583 705 635 et
729 577 778 652 opi
797 574 822 634 X
840 574 872 635 V.
918 574 981 635 Hoc
1004 577 1084 635 enim
1110 594 1163 654 ego

149 666 244 727 adicio
273 673 302 726 et
330 667 371 725 ita
393 664 499 725 melius
523 664 691 743 respondet.
738 663 794 723 Sed
820 666 920 742 opium
944 665 1029 724 etin
1052 663 1111 724 hoc
1135 672 1187 724 cto

148 757 180 814 in
199 757 280 815 omni
298 753 418 832 collyrio
439 753 712 831 medicamentaque
728 770 832 811 verum
846 752 923 813 adici
937 760 1065 834 oportet,
1084 753 1163 832 qnod

150 862 184 903 ex
208 843 283 903 lacte
307 845 372 921 ipso
395 844 549 920 papaveris
573 840 697 901 silvatici
721 842 851 919 capitum
875 842 920 920 lit,
944 859 1004 900 non
1028 859 1064 901 ex
1091 859 1164 924 suco

149 931 287 991 foliorum
312 932 389 1011 eius,
413 937 447 990 ut
465 932 618 990 institores
641 929 766 989 huiusce
793 931 837 988 rei
861 929 1019 1007 conpendii
1038 938 1069 990 et
1087 929 1164 991 lucri

150 1037 238 1080 carisa
265 1019 390 1099 faciunt3
419 1017 491 1079 illud
520 1020 599 1079 euim
625 1036 693 1079 cum
717 1034 822 1096 magno
846 1017 946 1077 labore
969 1025 1000 1077 et
1023 1020 1163 1096 exiguum

150 1108 315 1187 coniicitur,
341 1106 398 1167 hoc
422 1109 485 1167 sine
509 1107 643 1167 molestia
668 1114 697 1166 et
720 1105 913 1166 abundanter.
951 1104 1072 1167 Teritnr
1096 1115 1162 1168 ante
1175 1121 1197 1162 1o

150 1198 247 1256 omnia
272 1212 406 1276 crocum,
430 1213 505 1274 aqua
529 1195 649 1274 pluviali
671 1194 803 1254 inlusum
827 1196 970 1255 macerari
994 1194 1092 1276 debet,
1116 1195 1163 1256 de·

149 1284 219 1344 inde
243 1284 388 1344 adiciatur
409 1284 471 1344 illic
495 1283 667 1364 sarcocolla,
691 1283 853 1364 glaucium,
877 1285 987 1363 opium,
1014 1291 1163 1363 tragacan-

150 1373 242 1433 thnm.
289 1373 377 1433 Prius
402 1377 480 1432 enim
508 1375 607 1433 omnia
635 1389 769 1432 seorsum
793 1374 937 1432 macerari
960 1379 1080 1450 oportet
1105 1390 1164 1432 non

150 1461 242 1522 multa
266 1463 330 1522 eius
354 1464 472 1539 generis
496 1480 579 1542 aqna,
603 1461 632 1521 id
653 1460 846 1542 estpluviali,
866 1471 899 1521 ut
919 1463 1163 1542 quamprimum,

148 1550 248 1621 idest
272 1553 297 1610 si
321 1551 386 1611 lieri
409 1552 521 1629 poterit
543 1549 648 1610 eodem
666 1548 729 1630 die,
758 1550 908 1627 fingantur
927 1548 1061 1630 collyria3
1089 1549 1163 1610 solet
1175 1562 1195 1603 1⁵

150 1641 228 1699 enim
242 1639 299 1699 hoc
314 1639 365 1699 diu
385 1639 554 1717 neglectum
575 1640 715 1698 mortario
734 1640 912 1699 inacescere.
949 1637 1004 1697 llis
1018 1637 1082 1698 iere
1097 1646 1164 1699 utor

148 1729 254 1807 primis
278 1727 384 1787 diebus
405 1727 543 1808 collyriis,
567 1744 627 1786 non
646 1728 710 1787 siue
730 1729 838 1786 ceteris
862 1725 988 1806 auxiliis,
1007 1734 1098 1805 prout
1116 1745 1164 1787 res

149 1815 291 1898 postulat,
320 1815 498 1876 abstinentia
526 1814 592 1874 dico
622 1823 651 1875 et
680 1816 832 1893 sanguinis
856 1815 1054 1896 detractione,
1083 1814 1163 1876 meli·

113 1915 245 1983 susque
274 1922 308 1964 ea
337 1905 445 1964 ceteris
473 1903 617 1982 prolicere
646 1903 777 1964 adfirmo.
824 1903 898 1964 Cum
926 1921 996 1963 vero
1027 1904 1166 1984 pluribus

151 1994 217 2071 quis
232 1991 338 2053 diebus
352 1999 475 2052 vexatus
494 1991 585 2052 luerit
603 1991 745 2071 epiphora
764 1999 794 2051 et
812 1993 1033 2072 perseverantia
1053 1995 1164 2054 umoris
1175 2006 1195 2047 u

150 2088 238 2158 atque
262 2082 369 2159 pituita
392 2082 457 2160 ipso
481 2080 578 2140 calore
603 2081 757 2141 oculorum
781 2080 957 2158 glutinosior
981 2083 1042 2141 visa
1066 2081 1163 2161 inerit,

150 2168 229 2247 quod
253 2169 315 2228 iere
340 2179 424 2229 sexto
448 2170 610 2248 septimove
634 2169 682 2229 die
706 2169 841 2229 accidere
865 2169 954 2250 solet,
981 2177 1054 2230 tunc
1079 2169 1162 2250 prod·

151 2263 239 2316 erunt
260 2265 290 2317 et
309 2276 342 2317 ea
362 2256 492 2338 collyria,
516 2275 643 2337 quornm
662 2275 757 2336 genus
776 2261 914 2337 superins
933 2257 1164 2338 inprobarimns,

151 2348 303 2424 conposita
327 2365 362 2406 ex
386 2346 476 2407 rebus
499 2347 667 2427 metallicis,
691 2346 807 2406 facilius
830 2349 910 2407 enim
930 2353 994 2406 tum
1014 2349 1164 2425 patientur

151 2434 242 2514 oculi,
267 2437 292 2495 si
314 2434 401 2495 modo
425 2435 588 2496 exulcerati
610 2454 670 2496 non
694 2434 819 2515 fuerint,
843 2437 991 2495 iniuriam.
1031 2434 1162 2506 Quorum
1175 2447 1196 2488 tt

150 2525 309 2602 praecipue
332 2522 388 2583 hoc
413 2523 486 2583 mihi
508 2524 617 2604 placet,
642 2524 721 2604 quod
745 2542 762 2584 a
785 2524 883 2584 colore
907 2523 1021 2602 phaeon
1046 2523 1163 2586 dicitur.

150 2612 266 2690 Accipit
284 2619 383 2672 autem
401 2611 488 2673 haec:
507 2613 592 2672 Aeris
607 2615 668 2672 usti
682 2612 708 2672 X
723 2610 789 2693 Xll,
813 2612 944 2673 cadmiae
959 2621 1043 2673 ustae
1064 2612 1091 2673 X
1105 2611 1164 2692 Xll,

150 2699 232 2760 stibii
260 2702 338 2761 cocti
360 2699 386 2760 X
405 2699 456 2781 Vl,
485 2702 600 2762 acaciae
628 2700 810 2781 chylismatis
834 2700 860 2760 X
879 2700 929 2782 Vl,
957 2703 1039 2762 croci
1058 2700 1085 2762 X
1104 2700 1165 2780 llll,

150 2788 229 2849 aloes
252 2788 279 2848 X
298 2788 351 2869 lll,
379 2792 429 2869 opi
447 2789 474 2849 X
492 2788 532 2871 ll,
561 2793 688 2850 castorei
711 2791 859 2850 victoriati
881 2789 1012 2870 pondus,
1035 2808 1164 2867 murrae,

149 2877 217 2957 lycii
239 2878 319 2938 idem
341 2878 491 2960 ponderis,
514 2882 641 2956 mummia
660 2878 686 2938 X
705 2877 803 2938 XVlll.
841 2878 924 2956 Aqua
947 2877 1069 2955 pluviali
1089 2889 1197 2958 quaen

150 2976 220 3027 sunt
252 2967 326 3027 dura
358 2975 546 3027 macerantur
578 2974 607 3027 et
637 2967 688 3027 diu
717 2973 869 3046 teruntur,
893 2966 987 3026 donec
1014 2965 1162 3028 levissima

149 3054 230 3133 fiant,
249 3062 350 3131 postea
370 3063 469 3116 cetera
489 3054 545 3116 alio
565 3058 705 3116 mortario
726 3053 841 3132 singula
859 3056 929 3115 trita
949 3054 1165 3136 admiscentur,

150 3159 218 3200 cnm
252 3141 414 3203 tollendum
446 3152 506 3224 est,
538 3144 568 3204 id
601 3152 647 3204 est
677 3162 745 3204 cum
774 3150 844 3203 sunt
872 3143 1008 3222 lingenda
1035 3143 1165 3225 collyria,

150 3247 289 3307 gummeri
318 3229 454 3291 adicitur.
499 3231 562 3292 Hoc
592 3232 709 3311 quidam
739 3234 827 3292 etiam
856 3233 886 3291 in
915 3233 1008 3292 initiis
1036 3240 1164 3294 utuntur

221 3366 388 3418 nmaterea.
444 3365 661 3433 aspretudinem.
716 3366 941 3422 tdracaoanthi.
1005 3373 1038 3422 21
1059 3367 1165 3437 pituita

149 3452 220 3559 pulsate
240 3436 338 3559 (uultui).
421 3434 610 3504 gluttinosior.
691 3443 724 3491 27
745 3436 875 3507 accipiat.
948 3443 982 3492 28
1001 3437 1165 3507 oylismatis.

216 3522 282 3559 eron
298 3523 336 3560 ur.
875 3535 877 3538 ⁴
