2422 3878
515 73 743 141 -cc-·

115 249 174 320 aut,
198 239 277 318 quod
302 239 409 300 melius
433 246 492 319 est,
515 257 571 317 gen
593 238 754 316 ampelitim
774 203 921 304 ¹similiter
935 230 1052 320 ltritam,
1076 252 1130 318 pro

116 347 174 408 qua
199 328 327 388 diximus
351 330 446 406 picem
470 327 616 387 Bruttiam
640 326 859 408 mitti‘debere,
883 328 951 406 quia
975 344 1012 405 ge
1031 345 1128 408 ampe

115 418 180 477 litis
199 434 268 476 vera
292 415 412 476 difficile
435 417 598 495 invenitur3
622 414 669 475 his
693 415 799 475 additis
823 433 890 476 cum
914 417 1048 494 coeperit
1072 435 1128 478 me

117 505 251 565 dicamen
276 503 357 565 bene
375 507 555 583 permixtum
574 522 649 584 esse,
673 522 771 564 ceram
791 504 887 564 rufam
905 522 959 582 pro
979 504 1078 585 modo,
1098 514 1130 566 ot

117 612 206 673 supra
238 595 385 671 scriptum
416 601 475 674 est,
506 600 608 671 postea
637 594 766 652 resinam
798 594 942 670 pituinam
974 595 1153 654 remissamr

116 682 226 743 adicies
254 700 371 742 necnon
399 689 429 742 et
458 684 586 741 resinam
615 680 799 741 cololoniam.
833 679 903 741 Post
925 681 999 742 haec
1029 685 1130 744 mittes

116 772 332 831 ammoniacum
356 770 523 850 thymiama,
547 769 576 830 id
602 777 648 830 est
670 776 782 849 guttam
806 768 882 829 bene
904 771 1005 830 tritam
1025 778 1055 830 et
1075 773 1130 831 cri·

116 859 262 938 ballatam,
279 866 346 937 post
365 859 456 919 addes
474 858 588 937 lepidos
607 857 712 920 chalcu
732 876 847 918 necnon
862 866 891 918 et
905 857 1010 918 chalcu
1027 877 1129 920 cecau·

116 966 216 1028 menn,
226 947 333 1007 deinde
344 946 434 1008 addes
445 947 557 1027 milton,
567 947 673 1007 deinde
684 945 852 1026 diphryges
864 946 970 1006 deinde
981 946 1130 1029 chalcitiu,

117 1044 218 1114 postea
238 1035 445 1096 chalcanthum
465 1043 494 1096 et
509 1036 702 1116 psimithium,
724 1035 882 1114 posthaec
901 1035 991 1095 addes
1010 1035 1130 1096 libanou
1143 1048 1165 1089 1⁰

117 1124 232 1203 leucon,
247 1123 276 1183 id
292 1131 342 1184 est·
352 1132 400 1184 tus
415 1123 514 1184 album
529 1132 558 1185 et
573 1142 710 1204 myrram,
725 1133 755 1183 et
769 1122 862 1202 aloen,
877 1141 968 1202 super
978 1124 1026 1184 his
1037 1127 1130 1185 omni·

118 1211 173 1272 bus
188 1211 277 1272 addes
292 1215 421 1272 resinam
436 1211 665 1272 terebinthinam
678 1220 708 1272 et
722 1211 878 1290 galbanum
893 1219 923 1272 et
937 1211 981 1272 lac
992 1212 1039 1272 vel
1050 1231 1130 1273 umo

117 1319 180 1360 rem
204 1302 339 1380 panacis,
362 1302 391 1361 id
416 1308 462 1361 est
485 1319 692 1380 opopanacem.
730 1299 788 1360 Sed
812 1318 916 1360 omnes
938 1299 991 1360 has
1016 1303 1130 1380 speeies

117 1389 283 1468 praedictas
298 1391 409 1468 optime
423 1391 510 1450 tritas
524 1399 554 1449 et
564 1388 729 1450 cribellatas
740 1391 859 1450 mittere
870 1387 992 1449 debebis
1002 1389 1039 1449 ad
1050 1408 1130 1450 men-

118 1495 217 1540 suram
242 1476 287 1536 vel
309 1486 411 1556 partes
435 1496 524 1557 supra
549 1478 688 1557 scriptas,
717 1487 805 1556 prout
830 1475 959 1538 volueris
983 1479 1130 1539 conficere
1143 1491 1165 1533 1⁵

118 1566 321 1627 medicaminis
341 1568 468 1647 copiam,
488 1585 563 1644 quae
583 1584 650 1626 cum
666 1569 762 1626 omnia
777 1566 853 1626 bene
868 1568 959 1626 mixta
974 1567 1087 1627 luerint
1101 1575 1131 1628 et

117 1654 193 1714 bene
208 1657 324 1734 agitata,
338 1654 425 1714 ollam
439 1654 509 1714 tolle
524 1655 559 1714 de
575 1654 640 1714 loco
655 1662 685 1715 et
699 1655 805 1715 deinde
820 1654 914 1715 calido
929 1654 1025 1716 adhuc
1038 1656 1129 1716 medi·

118 1745 225 1804 camini
240 1742 348 1803 herbas
363 1760 453 1821 supra
468 1744 594 1821 scriptas
609 1742 684 1804 bene
701 1745 785 1804 tritas
804 1751 834 1804 et
849 1742 1017 1804 cribellatas
1032 1744 1130 1805 inlun-

118 1831 178 1891 des.
211 1831 304 1902 lmmo
323 1849 411 1891 manu
431 1830 477 1890 vel
496 1831 595 1909 digitis
616 1831 838 1892 moderantibus
856 1832 996 1912 paulatim
1015 1834 1129 1912 insper-

117 1937 169 1998 ges
188 1928 218 1978 et
237 1919 361 1980 adsidue·
379 1918 560 1998 spathomela
579 1920 777 1981 commovebis
791 1928 821 1981 et
839 1920 1044 2002 permiscebis,
1063 1930 1130 2000 post
1143 1935 1167 1974 tt

115 2007 189 2070 haec
209 2009 306 2067 omnia
325 2009 424 2067 mittes
439 2007 536 2068 oleum
551 2008 814 2070 chamaemelinum
827 2017 857 2069 et
870 2011 979 2070 iterum
994 2012 1057 2088 igni
1071 2029 1130 2071 non

117 2096 208 2154 nimio
228 2094 360 2172 adposita
384 2095 440 2156 olla
460 2096 540 2157 lente
561 2105 592 2157 et
610 2097 750 2176 paulatim
770 2097 918 2177 decoques
938 2099 1131 2181 medicamen,

118 2185 158 2243 ita
182 2181 311 2243 utillud
342 2203 429 2244 manu
456 2204 515 2245 non
545 2188 712 2264 contingas,
740 2186 793 2246 sed
822 2185 1004 2264 spathomela
1027 2189 1130 2266 agiles.

64 2285 98 2334 20
118 2271 259 2331 Confecto
279 2279 378 2332 autem
399 2274 590 2334 medicamine
611 2277 705 2335 uteris
725 2277 780 2335 sic:
803 2275 848 2336 hd
865 2273 996 2335 dolorem
1017 2283 1129 2355 tempo

119 2378 185 2420 rum
209 2359 255 2420 vel
279 2362 433 2422 emicranii
455 2362 547 2423 linteo
572 2365 668 2442 spisso
687 2363 812 2423 induces
830 2364 1080 2424 medicamentum
1100 2373 1129 2425 et
1143 2376 1167 2417 2⁵

119 2451 161 2508 sic
187 2449 276 2509 lrouti
299 2449 345 2510 vel
368 2448 553 2530 temporibus
577 2451 715 2530 adpones.
752 2451 783 2511 Si
802 2470 872 2512 vero
896 2470 999 2513 umore
1024 2455 1131 2532 capitis

118 2539 338 2599 neumatizantis
369 2539 447 2599 oculi
475 2538 689 2619 gravabuntur,
717 2558 772 2619 per
799 2548 891 2601 totam
918 2541 1046 2600 lrontem
1072 2560 1131 2602 em-

117 2625 265 2704 plastrum
286 2627 441 2689 inductum
461 2627 552 2688 linteo
571 2628 708 2689 similiter
726 2631 860 2707 inpones.
901 2629 934 2689 Si
957 2631 987 2688 in
1008 2630 1132 2691 naribus

117 2714 163 2775 vel
191 2717 221 2775 in
250 2715 372 2776 auribus
401 2716 485 2776 dolor
513 2722 564 2776 aut
592 2716 699 2777 vulnus
729 2717 820 2778 fuerit
848 2718 909 2778 sire
938 2717 1132 2780 carnulentae

118 2812 206 2864 erunt
234 2815 285 2866 aut
312 2823 398 2866 umor
422 2805 490 2865 inde
514 2805 657 2885 manabit,
683 2804 746 2865 oleo
771 2824 891 2866 rosaceo
916 2805 1045 2866 solutum
1070 2822 1171 2869 me-so

118 2893 251 2953 dicamen
274 2896 415 2954 inmittes.
454 2894 486 2954 Si
509 2893 609 2954 lauces
633 2896 738 2972 angina
757 2892 803 2954 vel
821 2894 976 2973 glandulae
996 2903 1026 2955 et
1044 2914 1132 2974 paro·

117 2980 194 3040 tides
222 2984 433 3060 occupaverint
456 2990 507 3043 aut
532 2984 652 3062 inguina
676 2981 829 3062 paniculae
853 2985 1077 3065 temptaverint,
1101 2988 1133 3045 in

118 3069 202 3127 initio
226 3068 336 3129 doloris
360 3071 542 3131 medicamen
565 3071 657 3132 linteo
681 3072 845 3153 inductum,
869 3072 921 3132 sed
946 3074 1058 3132 siccum
1083 3074 1133 3134 ad·

118 3174 218 3235 pones.
256 3156 338 3216 Facit
362 3167 391 3218 et
414 3159 450 3218 ad
475 3159 586 3238 splenis
610 3159 742 3219 dolorem
762 3160 839 3221 aluta
858 3159 1013 3221 inductum
1033 3170 1062 3222 et
1083 3163 1134 3223 ad-

190 3296 273 3362 iges
292 3292 462 3360 ampelitem.
522 3296 747 3363 propterquam.
806 3301 898 3366 eges.
954 3296 1132 3366 edeiryges.

118 3362 272 3417 eealciten.
317 3363 573 3418 12terebentinam.
623 3382 758 3420 umorem.
802 3365 1133 3436 cospatomeli,item23.

117 3439 149 3486 21
170 3432 421 3489 chamaemelinum
440 3437 552 3504 scripsi:
571 3435 795 3492 chamaemilum.
868 3441 902 3490 26
923 3436 1080 3509 emigranii=
