2422 3878
566 164 602 176 —
651 128 807 193 350-

125 308 159 356 21
180 294 293 356 utiliter
320 301 434 354 curant.
481 292 601 373 Caprini
628 293 702 352 corii
731 293 807 351 cinis
836 308 871 350 ex
900 289 965 350 oleo
993 289 1107 350 inlitus
1135 308 1207 369 per·

125 396 159 445 33
178 386 283 444 nicoes
302 385 397 461 prime
412 381 518 443 abolet.
551 380 723 441 Testudinis
738 389 876 458 tegumen
891 387 1108 439 concrematur
1123 381 1206 440 eius·

179 490 237 551 qne
269 471 366 531 favilla
398 490 434 532 cx
462 472 530 530 vino
560 477 590 529 et
617 468 682 529 oleo
707 475 871 547 temperata
897 465 1052 528 ulceribus
1087 468 1205 547 pedum

126 573 159 622 33
179 559 291 621 utiliter
324 560 483 621 inducitur.
531 556 637 618 Scillae
669 556 752 617 bulbi
785 556 863 635 quod
891 557 1019 616 interius
1049 565 1101 616 est
1130 574 1205 617 cum

179 649 244 710 oleo
268 649 400 709 delcrvet
423 665 518 725 eoquo
542 646 607 706 oleo
631 645 748 706 dolores
772 647 949 724 pernionum
975 646 1123 722 peruncti
1148 647 1204 705 mi·

126 838 161 887 34
179 746 350 885 tescmlitora
378 826 518 904 agrestia,
546 825 617 885 dum
645 823 741 884 adhne
769 821 891 900 rubent,
919 828 1083 900 antequam
1108 821 1204 882 ullius

3 898 13 1015 ᾗ
80 945 82 950 ·
179 915 297 992 generis
320 930 437 973 morum
456 912 631 993 comederis,
654 915 732 972 inter
751 929 856 971 manus
877 909 1008 971 conirica
1028 927 1202 990 corumque

180 1020 250 1062 suco
271 1019 367 1082 crura,
387 1019 462 1080 quae
482 1001 582 1063 dolere
602 1008 794 1079 consuerunt,
813 999 1019 1078 pertriduum
1038 1001 1202 1079 continge;

179 1109 239 1150 nou
267 1089 354 1150 modo
382 1098 569 1169 praesentem
597 1090 761 1151 molestiam
786 1087 947 1168 mitigabis,
975 1104 1083 1146 verum
1109 1090 1201 1148 ctiam

179 1181 209 1239 in
234 1177 383 1257 reliquum
406 1186 524 1258 tempus
548 1197 583 1239 eo
607 1180 678 1239 vitio
702 1177 826 1238 carebis.

127 1279 161 1328 33
269 1267 406 1327 hlumiue
430 1287 466 1328 ex
489 1275 572 1329 aceto
596 1269 734 1345 peruncti
753 1268 912 1345 perniones
931 1273 1091 1344 sanantur3
1117 1264 1202 1326 bras·

180 1357 240 1416 sica
266 1374 384 1436 quoque
408 1359 478 1417 trita
501 1356 695 1435 adpositaque
718 1354 912 1434 pernionibus
935 1352 1087 1413 medetur·

126 1457 160 1506 no
269 1444 399 1527 Folium,
427 1453 556 1524 costum,
584 1444 701 1505 alumen
730 1443 889 1523 liquidum,
918 1441 1036 1502 alumen
1065 1444 1202 1504 scissum

179 1535 244 1613 pari
267 1534 398 1613 pondere
423 1535 453 1592 in
477 1551 570 1593 unum
593 1541 714 1592 contere
738 1540 768 1592 et
791 1533 858 1592 uino
882 1533 976 1592 veteri
1000 1532 1094 1591 mixta
1120 1532 1202 1592 ulce-

180 1621 264 1681 ribus
289 1625 350 1682 sivc
373 1623 508 1700 rupturis
531 1620 683 1681 hiantibus
707 1620 898 1698 interdigitiis
928 1619 1050 1679 adsiduo
1074 1622 1202 1700 inpone,

127 1723 160 1773 27
180 1718 318 1788 potenter
341 1709 506 1770 medeberc.
544 1708 728 1788 luterdigitia
747 1716 831 1769 sanat
849 1709 967 1768 cerain
985 1705 1050 1767 oleo
1071 1713 1203 1787 cyprino

181 1801 304 1858 remissa
328 1808 358 1858 ct
380 1800 516 1877 inposita.

126 1900 160 1949 28
268 1887 372 1948 Pulmo
396 1888 535 1946 cervinus
557 1887 705 1965 inpositus
729 1894 759 1946 et
782 1902 870 1964 saepe
893 1892 1052 1945 renouatus
1076 1903 1116 1944 ex
1142 1885 1201 1946 cal·

127 1989 160 2037 33
181 1977 327 2036 ciamento
346 1975 442 2036 laesos
461 1975 552 2054 pedes
572 1977 635 2035 sine
655 1974 755 2035 dolore
770 1981 917 2053 persanat.
940 1973 1110 2052 chorinus
1127 1992 1201 2053 quo-

181 2083 238 2142 quc
263 2064 363 2142 pulmo
388 2063 480 2125 multo
495 2065 656 2124 ⁴efficacius
681 2072 713 2124 ut
738 2081 826 2142 supra
851 2064 999 2141 inpositus
1023 2070 1121 2122 curat.

127 2167 160 2214 33
269 2153 313 2212 Ad
333 2171 376 2233 ea,
400 2171 475 2232 quae
494 2153 605 2213 calcata
624 2163 720 2233 eruut,
742 2160 771 2212 et
791 2170 834 2230 ea,
857 2170 933 2230 qnae
952 2152 1071 2229 corpori
1095 2152 1201 2212 inhae-

182 2241 285 2319 serint,
309 2239 489 2300 extrahenda
511 2240 622 2319 leporis
646 2240 802 2317 coagulum
826 2257 894 2299 cnm
915 2238 1008 2299 malva
1026 2241 1135 2300 tritum
1155 2243 1201 2300 in·

3 2346 18 2365 ²
126 2343 159 2389 31
182 2329 372 2406 positumque
400 2336 538 2406 potenter
567 2327 768 2406 opitulabitur.
811 2326 938 2405 Siongea
965 2327 1011 2386 vel
1034 2327 1100 2387 lana
1126 2328 1201 2389 lotio

181 2414 343 2475 madefacta
374 2414 567 2494 adpositaque
600 2417 663 2476 sine
695 2415 797 2476 dolore
831 2433 908 2494 quae
941 2418 1060 2494 corpori
1092 2417 1199 2478 inhae-

181 2506 276 2564 serint
300 2506 411 2564 eximit.

127 2607 160 2656 33
271 2593 302 2654 Si
321 2595 424 2673 stirpis
443 2593 539 2672 aliqua
557 2593 728 2674 inhaeserit,
747 2592 887 2654 lacertam
906 2611 960 2673 per
974 2591 1106 2652 medium
1123 2597 1199 2656 scis-

184 2701 245 2743 sam
265 2685 294 2743 ei
312 2683 377 2743 loco
396 2685 545 2764 apponito,
565 2682 720 2744 celerrime
740 2683 898 2763 educetur3
922 2681 967 2742 vel
986 2682 1082 2759 capita
1101 2680 1200 2744 lacer-

182 2782 280 2832 tarum
304 2781 429 2834 contusa
452 2775 639 2851 inpositaque
663 2772 798 2832 similiter
822 2778 956 2850 prosunt.

127 2873 160 2921 33
271 2861 303 2921 Si
321 2862 420 2921 echini
439 2860 534 2921 aculci
552 2860 679 2939 pedibus
693 2860 876 2950 inhaeserint
890 2868 941 2919 aut
955 2858 1043 2918 alicui
1057 2864 1199 2937 corporis

168 2942 271 3030 parti,
295 2953 325 3009 in
349 2950 420 3010 lotio
443 2949 573 3010 humano
597 2949 704 3010 calenti
726 2949 832 3029 pedem
856 2948 907 3009 diu
931 2955 1009 3027 tene,
1035 2947 1120 3007 lacile
1147 2969 1198 3010 ex-

181 3041 341 3099 outieutur.

128 3138 162 3186 34
271 3126 458 3207 Observabis‚
478 3135 512 3187 ut
531 3127 738 3205 quodcumque
758 3125 794 3187 de
815 3142 940 3205 corpore
960 3125 1051 3185 luerit
1065 3125 1199 3188 eiectum

180 3213 248 3272 licio
273 3213 423 3290 alligatum
447 3214 624 3276 candelabro
648 3215 811 3294 suspendas
833 3224 884 3274 ant
902 3220 992 3273 uncta
1012 3212 1075 3272 oleo
1095 3213 1198 3277 lanula

269 3416 455 3474 bmitiscunb.
540 3427 572 3474 16
592 3418 789 3489 interdigiiiis]
808 3417 993 3488 inierdigilia.
1072 3423 1106 3472 23
1126 3439 1198 3489 qua·

179 3488 284 3556 guium.
359 3494 392 3544 25
413 3504 535 3559 corpore.
609 3495 642 3544 2⁷
662 3490 686 3544 si
704 3507 753 3545 om.
829 3494 863 3544 28
883 3489 1025 3560 opponito.
