2422 3878
481 114 722 180 -156-

64 289 81 338 8
188 278 444 360 Medicamentum,
468 278 546 357 quod
570 295 625 356 per
647 277 818 338 cocliarium
842 276 1013 359 devoratur,
1037 276 1110 337 hene

99 366 171 426 lacit
194 366 229 426 ad
253 376 366 427 tussem
386 366 499 426 aridam
518 375 548 426 et
567 384 627 447 eos,
647 368 698 444 qui
717 365 878 426 difficulter
896 366 1046 444 glutinosa
1064 383 1108 426 er·

100 463 205 515 creant
223 462 253 515 et
266 455 432 534 praefocari
445 454 585 515 videntur
598 454 763 535 interdum3
782 454 834 514 sed
849 456 1012 533 praecipue
1026 453 1108 533 prod·

100 552 146 604 est
160 544 216 622 his,
235 546 288 622 qui
306 543 438 603 dolorem
457 543 559 604 lateris
574 553 642 604 cum
655 541 739 603 febre
754 545 898 623 sentiunt,
917 561 993 622 quos
1008 541 1109 603 Graeci

99 632 273 712 pleuriticos
300 631 417 712 dicunt,
444 631 551 691 liberat
574 633 654 691 enim
680 633 760 691 omni
783 631 917 709 periculo
941 649 1003 691 eos.
1049 629 1134 692 lloos

101 721 349 781 medicamentum
381 720 487 799 Apulei
519 719 597 780 Celsi
630 719 688 780 luit
719 726 750 780 et
781 721 985 799 praeceptoris
1018 721 1111 781 nostri

99 809 230 869 Valentis
253 826 308 867 nec
332 825 472 886 umquam
496 807 548 868 ulli
571 810 654 868 vivus
673 810 918 886 compositionem
938 810 1004 868 eius
1024 807 1111 888 dedit,

101 900 169 975 quia
197 895 431 974 magnitudinem
459 898 607 976 opinionis
635 913 672 955 ex
702 914 736 956 ea
763 903 907 978 traxerat,
940 903 986 956 est
1014 904 1111 957 autem

99 985 186 1046 haec:
209 982 304 1045 Mellis
326 985 417 1044 Attici
439 984 554 1066 libram,
577 985 689 1062 piperis
712 987 791 1063 nigri
809 983 835 1044 ll
853 983 889 1064 ll,
913 1003 1032 1064 myrrae
1050 993 1110 1045 tro-

100 1063 265 1152 glodytidos
289 1081 320 1132 et
338 1074 433 1132 casiae
452 1073 478 1133 ll
497 1072 639 1153 singulos,
663 1072 800 1151 stachyos
818 1073 904 1133 nardi
922 1072 949 1132 ll
967 1073 990 1152 1,
1014 1076 1111 1134 cinna·
1123 1085 1146 1124 1⁰

100 1164 191 1221 momi
218 1160 425 1221 hemioholum.
473 1161 559 1232 Quod
587 1162 614 1222 si
637 1179 697 1221 non
719 1161 859 1222 habueris
882 1163 1111 1241 cinnamomum,

100 1250 250 1328 duplicem
277 1252 386 1309 casiam
414 1251 537 1330 coicies;
564 1252 650 1327 piper
677 1251 870 1310 contunditur
897 1249 1058 1328 diligenter
1083 1257 1113 1310 et

101 1338 262 1419 cribratur,
286 1356 385 1417 myrra
408 1341 517 1399 teritur
540 1339 681 1398 mortario
705 1356 879 1419 marmoreo,
904 1347 1010 1415 postea
1033 1346 1110 1398 utra·

101 1446 158 1506 que
181 1429 213 1486 in
236 1445 329 1487 unum
353 1428 530 1507 miscentur,
558 1425 664 1486 deinde
692 1425 787 1486 mellis
815 1429 919 1504 optimi
944 1427 1112 1504 despumati

101 1516 229 1576 adicitur
253 1523 396 1593 quantum
420 1515 556 1595 sufficiat,
584 1521 618 1574 ut
642 1515 681 1573 sit
699 1514 968 1593 pseudoliquidum.
999 1514 1112 1575 Dantur
1124 1527 1147 1568 1⁶

100 1605 169 1664 inde
198 1606 319 1665 tossicis
347 1602 485 1664 cocliaria
513 1604 603 1680 quina
630 1602 677 1663 vel
709 1620 793 1684 sena,
825 1603 992 1681 pleuriticis
1025 1606 1112 1664 etiam

100 1693 186 1771 plura
209 1699 240 1752 et
263 1694 390 1772 saepius,
413 1691 465 1751 sed
485 1690 649 1772 intervallo,
672 1691 729 1752 hoc
753 1699 881 1751 estnon
905 1692 994 1752 simul
1016 1694 1111 1752 omnia

100 1782 165 1841 dari
192 1787 310 1859 oportet
338 1786 368 1840 et
391 1788 455 1839 tum
479 1782 614 1860 maxime,
637 1798 705 1839 cum
734 1782 867 1840 tussiunt
894 1787 924 1840 ct
947 1780 1113 1858 praefocari

100 1871 239 1930 videntur
262 1866 482 1945 difficulterque
506 1869 620 1947 spirant
647 1871 708 1928 sive
732 1869 820 1928 ctiam
844 1887 903 1928 non
927 1870 1062 1929 tussiunt
1084 1877 1113 1928 et

100 1957 206 2036 flegma
233 1956 290 2017 illis
318 1957 446 2017 interius
473 1958 625 2037 coquitur,
653 1956 717 2016 dari
741 1954 843 2037 dehet,
870 1959 1009 2034 protinus
1033 1959 1147 2017 enimn

101 2052 249 2125 excreant,
268 2064 343 2123 quae
357 2043 486 2124 obstant,
505 2051 535 2104 et
553 2047 711 2104 transitum
731 2046 854 2122 spiritus
873 2043 984 2105 habent
1003 2054 1034 2105 et
1052 2052 1113 2106 tus·
1152 2057 1154 2061 ’

100 2136 160 2193 sire
184 2133 333 2194 desinunt.
1056 2185 1061 2192 .

64 2229 80 2276 9
189 2221 323 2280 Alterum
346 2221 594 2281 medicamentum
617 2220 654 2280 ad
678 2226 791 2280 tussem
815 2221 931 2290 aridam,
955 2221 1113 2282 conficitur

101 2311 159 2369 sic:
181 2305 322 2369 Nasturci
345 2310 466 2368 animati
489 2310 610 2368 seminis
636 2310 764 2389 unciam,
787 2307 890 2369 alterci
913 2311 1037 2369 seminis
1060 2327 1114 2370 un-

100 2401 188 2476 ciam,
217 2399 267 2476 opi
290 2396 359 2477 lll,
388 2414 503 2476 myrrae
534 2398 730 2477 semunciam,
758 2397 881 2459 sulfuris
908 2399 967 2458 riri
995 2416 1113 2458 scmun-
1126 2407 1150 2449 2⁶

100 2487 189 2564 ciam,
217 2487 330 2563 piperis
358 2484 417 2544 albi
443 2487 571 2546 unciam.
615 2484 701 2545 Melle
730 2485 879 2564 colligitur
905 2486 963 2546 hoc
986 2487 1114 2547 medica·

101 2581 247 2654 mentum,
275 2573 372 2634 datur¹
386 2573 469 2634 labae
492 2573 688 2653 Aegyptiacae
713 2574 917 2652 magnitudine
940 2593 976 2634 ex
1000 2575 1114 2654 cyathis

99 2681 192 2742 aquae
216 2662 326 2724 calidae
350 2662 447 2723 tribus
470 2665 502 2722 in
524 2668 652 2722 noctem.
688 2660 773 2722 Facit
793 2670 892 2724 autem
910 2663 968 2722 hoc
986 2664 1113 2725 medica-

1 2789 3 2792 .
98 2760 233 2813 mentum
257 2759 287 2813 ct
310 2752 346 2812 ad
369 2751 471 2811 lateris
495 2749 627 2811 dolorem
651 2759 682 2811 et
704 2750 740 2810 ad
763 2751 907 2811 stomachi
929 2750 1114 2812 inflationem

99 2842 352 2921 gravidinemque,
375 2838 512 2900 coeliacis
535 2857 668 2919 quoque,
692 2839 744 2916 qui
767 2839 865 2900 subito
889 2840 1028 2900 universa
1052 2840 1112 2899 dei·
1125 2852 1149 2892 ³⁰

100 2931 191 3011 ciunt,
219 2930 342 3008 prodest
370 2935 400 2988 et
423 2926 533 2987 dolenti
567 2928 790 3006 superpositum
820 2926 867 2988 vel
895 2927 1112 2988 circumdatum

100 3017 183 3078 denti
212 3026 243 3078 et
270 3020 296 3077 si
324 3035 432 3077 exesus
460 3022 518 3095 est,
545 3017 576 3075 iu
601 3033 758 3075 cavernam
781 3017 846 3076 eius
869 3016 1017 3075 insertum
1040 3015 1113 3076 utile

100 3113 157 3183 est3
181 3111 335 3183 praetcrea
358 3105 394 3165 ad
417 3104 559 3165 horrores
582 3103 695 3164 febrem
714 3103 938 3184 praecedentes,
961 3122 1038 3182 quae
1057 3106 1113 3166 cir-

99 3195 214 3252 cuitum
236 3192 339 3271 hahet,
362 3192 464 3253 datum
487 3201 554 3254 ante
582 3192 686 3252 horam
714 3195 894 3253 accessionis
920 3191 1113 3253 utilissimum

170 3395 368 3464 aglaitinosa.
415 3395 615 3465 lipericulum.
662 3397 901 3454 tiroclodilidor.
952 3403 987 3452 20
1000 3397 1111 3454 fleumu

98 3473 131 3521 21
152 3466 268 3521 obstant
285 3465 424 3523 delibem:
443 3468 551 3535 optant.
622 3466 767 3523 transitus.
839 3473 874 3522 24
892 3469 1025 3524 naslorci.
