<?xml version="1.0" encoding="UTF-8"?>
<!DOCTYPE html PUBLIC "-//W3C//DTD XHTML 1.0 Transitional//EN"
    "http://www.w3.org/TR/xhtml1/DTD/xhtml1-transitional.dtd">
<html xmlns="http://www.w3.org/1999/xhtml" xml:lang="en" lang="en">
 <head>
  <title>
</title>
<meta http-equiv="Content-Type" content="text/html;charset=utf-8" />
  <meta name='ocr-system' content='tesseract 3.04.00' />
  <meta name='ocr-capabilities' content='ocr_page ocr_carea ocr_par ocr_line ocrx_word'/>
</head>
<body>
  <div class='ocr_page' id='page_1' title='image "./marcellidemedic00helmgoog/marcellidemedic00helmgoog_0071.png"; bbox 0 0 2422 3878; ppageno 0'>
   <div class='ocr_carea' id='block_1_1' title="bbox 518 139 731 205">
    <p class='ocr_par' dir='ltr' id='par_1_1' title="bbox 518 139 731 205">
     <span class='ocr_line' id='line_1_1' title="bbox 518 139 731 205; baseline -0.009 -19"><span class='ocrx_word' id='word_1_1' title='bbox 518 139 731 205; x_wconf 66' lang='grc'>,58-</span> 
     </span>
    </p>
   </div>
   <div class='ocr_carea' id='block_1_2' title="bbox 65 301 1159 915">
    <p class='ocr_par' dir='ltr' id='par_1_2' title="bbox 65 301 1159 915">
     <span class='ocr_line' id='line_1_2' title="bbox 118 301 1136 382; baseline 0.003 -21"><span class='ocrx_word' id='word_1_2' title='bbox 118 301 252 361; x_wconf 89' lang='lat' dir='ltr'><strong>triduum</strong></span> <span class='ocrx_word' id='word_1_3' title='bbox 284 311 335 362; x_wconf 90' lang='lat' dir='ltr'><strong>aut</strong></span> <span class='ocrx_word' id='word_1_4' title='bbox 367 310 435 381; x_wconf 92' lang='lat' dir='ltr'><strong>post</strong></span> <span class='ocrx_word' id='word_1_5' title='bbox 464 302 528 363; x_wconf 90' lang='lat' dir='ltr'><strong>dies</strong></span> <span class='ocrx_word' id='word_1_6' title='bbox 559 304 690 382; x_wconf 90' lang='lat' dir='ltr'><strong>quinque</strong></span> <span class='ocrx_word' id='word_1_7' title='bbox 719 301 874 379; x_wconf 81' lang='lat' dir='ltr'><strong>ligaturam</strong></span> <span class='ocrx_word' id='word_1_8' title='bbox 903 319 989 380; x_wconf 92' lang='lat' dir='ltr'><strong>quam</strong></span> <span class='ocrx_word' id='word_1_9' title='bbox 1025 302 1136 364; x_wconf 88' lang='lat' dir='ltr'><strong>leceris</strong></span> 
     </span>
     <span class='ocr_line' id='line_1_3' title="bbox 65 389 1135 469; baseline 0.001 -18"><span class='ocrx_word' id='word_1_10' title='bbox 65 402 99 451; x_wconf 77' lang='lat'><strong>23</strong></span> <span class='ocrx_word' id='word_1_11' title='bbox 119 389 223 450; x_wconf 84' lang='lat' dir='ltr'><strong>solves</strong></span> <span class='ocrx_word' id='word_1_12' title='bbox 269 389 301 449; x_wconf 89' lang='lat' dir='ltr'><strong>Si</strong></span> <span class='ocrx_word' id='word_1_13' title='bbox 325 409 394 451; x_wconf 87' lang='lat' dir='ltr'><strong>vero</strong></span> <span class='ocrx_word' id='word_1_14' title='bbox 418 393 480 452; x_wconf 89' lang='lat' dir='ltr'><strong>ictu</strong></span> <span class='ocrx_word' id='word_1_15' title='bbox 504 391 602 469; x_wconf 91' lang='lat' dir='ltr'><strong>aliquo</strong></span> <span class='ocrx_word' id='word_1_16' title='bbox 627 398 716 468; x_wconf 90' lang='lat' dir='ltr'><strong>caput</strong></span> <span class='ocrx_word' id='word_1_17' title='bbox 738 390 865 450; x_wconf 81' lang='lat' dir='ltr'><strong>fractum</strong></span> <span class='ocrx_word' id='word_1_18' title='bbox 889 390 979 450; x_wconf 91' lang='lat' dir='ltr'><strong>luerit</strong></span> <span class='ocrx_word' id='word_1_19' title='bbox 1002 399 1033 449; x_wconf 86' lang='lat' dir='ltr'><strong>et</strong></span> <span class='ocrx_word' id='word_1_20' title='bbox 1056 398 1135 452; x_wconf 87' lang='lat' dir='ltr'><strong>testa</strong></span> 
     </span>
     <span class='ocr_line' id='line_1_4' title="bbox 118 477 1135 559; baseline 0.002 -21"><span class='ocrx_word' id='word_1_21' title='bbox 118 477 242 559; x_wconf 88' lang='lat' dir='ltr'><strong>conlisa,</strong></span> <span class='ocrx_word' id='word_1_22' title='bbox 274 479 459 540; x_wconf 83' lang='lat' dir='ltr'>medicamen</span> <span class='ocrx_word' id='word_1_23' title='bbox 486 498 608 541; x_wconf 88' lang='lat' dir='ltr'><strong>rosaceo</strong></span> <span class='ocrx_word' id='word_1_24' title='bbox 641 478 705 539; x_wconf 91' lang='lat' dir='ltr'><strong>oleo</strong></span> <span class='ocrx_word' id='word_1_25' title='bbox 733 478 905 556; x_wconf 82' lang='lat' dir='ltr'><strong>liquefacies</strong></span> <span class='ocrx_word' id='word_1_26' title='bbox 941 487 971 539; x_wconf 89' lang='lat' dir='ltr'><strong>et</strong></span> <span class='ocrx_word' id='word_1_27' title='bbox 1004 481 1047 538; x_wconf 93' lang='lat' dir='ltr'><strong>sic</strong></span> <span class='ocrx_word' id='word_1_28' title='bbox 1077 481 1135 558; x_wconf 93' lang='lat' dir='ltr'><strong>ipsi</strong></span> 
     </span>
     <span class='ocr_line' id='line_1_5' title="bbox 120 565 1134 629; baseline 0.003 -3"><span class='ocrx_word' id='word_1_29' title='bbox 120 567 266 628; x_wconf 91' lang='lat' dir='ltr'><strong>lracturae</strong></span> <span class='ocrx_word' id='word_1_30' title='bbox 298 566 344 628; x_wconf 89' lang='lat' dir='ltr'><strong>vel</strong></span> <span class='ocrx_word' id='word_1_31' title='bbox 373 567 544 629; x_wconf 87' lang='lat' dir='ltr'><strong>vulneribus</strong></span> <span class='ocrx_word' id='word_1_32' title='bbox 578 567 725 628; x_wconf 82' lang='lat' dir='ltr'><strong>infundes.</strong></span> <span class='ocrx_word' id='word_1_33' title='bbox 771 565 872 627; x_wconf 88' lang='lat' dir='ltr'><strong>Inluso</strong></span> <span class='ocrx_word' id='word_1_34' title='bbox 904 585 974 627; x_wconf 86' lang='lat' dir='ltr'><strong>vero</strong></span> <span class='ocrx_word' id='word_1_35' title='bbox 1004 568 1134 629; x_wconf 90' lang='lat' dir='ltr'><strong>interius</strong></span> 
     </span>
     <span class='ocr_line' id='line_1_6' title="bbox 118 654 1159 735; baseline -0.003 -19"><span class='ocrx_word' id='word_1_36' title='bbox 118 656 312 732; x_wconf 81' lang='lat' dir='ltr'><strong>medicamine</strong></span> <span class='ocrx_word' id='word_1_37' title='bbox 338 656 529 717; x_wconf 90' lang='lat' dir='ltr'><strong>nibilominus</strong></span> <span class='ocrx_word' id='word_1_38' title='bbox 557 656 687 735; x_wconf 82' lang='lat' dir='ltr'><strong>desuper</strong></span> <span class='ocrx_word' id='word_1_39' title='bbox 714 654 810 715; x_wconf 91' lang='lat' dir='ltr'><strong>solum</strong></span> <span class='ocrx_word' id='word_1_40' title='bbox 833 654 1016 715; x_wconf 85' lang='lat' dir='ltr'><strong>medicamen</strong></span> <span class='ocrx_word' id='word_1_41' title='bbox 1040 656 1159 718; x_wconf 77' lang='lat' dir='ltr'><strong>linteos</strong></span> 
     </span>
     <span class='ocr_line' id='line_1_7' title="bbox 117 743 1134 824; baseline 0.002 -20"><span class='ocrx_word' id='word_1_42' title='bbox 117 745 271 805; x_wconf 90' lang='lat' dir='ltr'><strong>inductum</strong></span> <span class='ocrx_word' id='word_1_43' title='bbox 297 745 427 822; x_wconf 88' lang='lat' dir='ltr'><strong>adpones</strong></span> <span class='ocrx_word' id='word_1_44' title='bbox 452 752 481 804; x_wconf 91' lang='lat' dir='ltr'><strong>et</strong></span> <span class='ocrx_word' id='word_1_45' title='bbox 505 763 595 824; x_wconf 91' lang='lat' dir='ltr'><strong>supra</strong></span> <span class='ocrx_word' id='word_1_46' title='bbox 618 743 723 823; x_wconf 84' lang='lat' dir='ltr'>ligabis</span> <span class='ocrx_word' id='word_1_47' title='bbox 746 743 840 803; x_wconf 87' lang='lat' dir='ltr'><strong>lanam</strong></span> <span class='ocrx_word' id='word_1_48' title='bbox 865 743 998 803; x_wconf 91' lang='lat' dir='ltr'><strong>sucidam</strong></span> <span class='ocrx_word' id='word_1_49' title='bbox 1018 743 1084 804; x_wconf 89' lang='lat' dir='ltr'><strong>oleo</strong></span> <span class='ocrx_word' id='word_1_50' title='bbox 1104 753 1134 806; x_wconf 88' lang='lat' dir='ltr'><strong>et</strong></span> 
     </span>
     <span class='ocr_line' id='line_1_8' title="bbox 118 831 1133 915; baseline 0.002 -23"><span class='ocrx_word' id='word_1_51' title='bbox 118 841 201 892; x_wconf 91' lang='lat' dir='ltr'><strong>aceto</strong></span> <span class='ocrx_word' id='word_1_52' title='bbox 234 833 351 893; x_wconf 92' lang='lat' dir='ltr'><strong>modico</strong></span> <span class='ocrx_word' id='word_1_53' title='bbox 380 833 528 894; x_wconf 89' lang='lat' dir='ltr'><strong>inlectam.</strong></span> <span class='ocrx_word' id='word_1_54' title='bbox 574 833 616 893; x_wconf 87' lang='lat' dir='ltr'><strong>De</strong></span> <span class='ocrx_word' id='word_1_55' title='bbox 643 835 708 911; x_wconf 93' lang='lat' dir='ltr'><strong>ipso</strong></span> <span class='ocrx_word' id='word_1_56' title='bbox 737 840 836 893; x_wconf 89' lang='lat' dir='ltr'><strong>autem</strong></span> <span class='ocrx_word' id='word_1_57' title='bbox 864 831 1074 915; x_wconf 84' lang='lat' dir='ltr'><strong>medicamine,</strong></span> <span class='ocrx_word' id='word_1_58' title='bbox 1108 836 1133 894; x_wconf 90' lang='lat' dir='ltr'><strong>si</strong></span> 
     </span>
    </p>
   </div>
   <div class='ocr_carea' id='block_1_3' title="bbox 116 919 1167 1535">
    <p class='ocr_par' dir='ltr' id='par_1_3' title="bbox 116 919 1167 1535">
     <span class='ocr_line' id='line_1_9' title="bbox 118 919 1133 1001; baseline 0.002 -20"><span class='ocrx_word' id='word_1_59' title='bbox 118 921 308 982; x_wconf 88' lang='lat' dir='ltr'><strong>succenderis</strong></span> <span class='ocrx_word' id='word_1_60' title='bbox 331 924 363 981; x_wconf 92' lang='lat' dir='ltr'><strong>in</strong></span> <span class='ocrx_word' id='word_1_61' title='bbox 386 921 523 982; x_wconf 89' lang='lat' dir='ltr'><strong>cubiculo</strong></span> <span class='ocrx_word' id='word_1_62' title='bbox 547 921 593 981; x_wconf 83' lang='lat' dir='ltr'><strong>vel</strong></span> <span class='ocrx_word' id='word_1_63' title='bbox 614 924 644 981; x_wconf 93' lang='lat' dir='ltr'><strong>in</strong></span> <span class='ocrx_word' id='word_1_64' title='bbox 664 921 760 1001; x_wconf 85' lang='lat' dir='ltr'><strong>domo,</strong></span> <span class='ocrx_word' id='word_1_65' title='bbox 783 919 899 998; x_wconf 90' lang='lat' dir='ltr'><strong>lugabis</strong></span> <span class='ocrx_word' id='word_1_66' title='bbox 923 929 1080 1000; x_wconf 82' lang='lat' dir='ltr'><strong>serpentes</strong></span> <span class='ocrx_word' id='word_1_67' title='bbox 1104 930 1133 983; x_wconf 89' lang='lat' dir='ltr'><strong>ct</strong></span> 
     </span>
     <span class='ocr_line' id='line_1_10' title="bbox 117 1009 1131 1091; baseline 0.002 -21"><span class='ocrx_word' id='word_1_68' title='bbox 117 1012 143 1070; x_wconf 92' lang='lat' dir='ltr'><strong>si</strong></span> <span class='ocrx_word' id='word_1_69' title='bbox 162 1028 220 1088; x_wconf 89' lang='lat' dir='ltr'><strong>qua</strong></span> <span class='ocrx_word' id='word_1_70' title='bbox 239 1009 298 1070; x_wconf 93' lang='lat' dir='ltr'><strong>illic</strong></span> <span class='ocrx_word' id='word_1_71' title='bbox 323 1009 397 1070; x_wconf 87' lang='lat' dir='ltr'><strong>mala</strong></span> <span class='ocrx_word' id='word_1_72' title='bbox 421 1021 499 1091; x_wconf 89' lang='lat' dir='ltr'><strong>sunt,</strong></span> <span class='ocrx_word' id='word_1_73' title='bbox 522 1011 600 1070; x_wconf 86' lang='lat' dir='ltr'><strong>foras</strong></span> <span class='ocrx_word' id='word_1_74' title='bbox 625 1012 723 1070; x_wconf 90' lang='lat' dir='ltr'><strong>eicies.</strong></span> <span class='ocrx_word' id='word_1_75' title='bbox 761 1009 822 1070; x_wconf 93' lang='lat' dir='ltr'><strong>IIoc</strong></span> <span class='ocrx_word' id='word_1_76' title='bbox 847 1011 911 1088; x_wconf 93' lang='lat' dir='ltr'><strong>ipso</strong></span> <span class='ocrx_word' id='word_1_77' title='bbox 935 1011 1131 1072; x_wconf 86' lang='lat' dir='ltr'><strong>medicamine</strong></span> 
     </span>
     <span class='ocr_line' id='line_1_11' title="bbox 116 1096 1167 1178; baseline -0.003 -20"><span class='ocrx_word' id='word_1_78' title='bbox 116 1100 239 1158; x_wconf 91' lang='lat' dir='ltr'><strong>incenso</strong></span> <span class='ocrx_word' id='word_1_79' title='bbox 259 1099 357 1160; x_wconf 90' lang='lat' dir='ltr'><strong>suilita</strong></span> <span class='ocrx_word' id='word_1_80' title='bbox 376 1098 484 1160; x_wconf 89' lang='lat' dir='ltr'><strong>mulier</strong></span> <span class='ocrx_word' id='word_1_81' title='bbox 502 1098 586 1160; x_wconf 86' lang='lat' dir='ltr'><strong>facile</strong></span> <span class='ocrx_word' id='word_1_82' title='bbox 606 1096 791 1178; x_wconf 79' lang='lat' dir='ltr'><strong>purgabitur,</strong></span> <span class='ocrx_word' id='word_1_83' title='bbox 811 1099 928 1158; x_wconf 88' lang='lat' dir='ltr'><strong>etiamsi</strong></span> <span class='ocrx_word' id='word_1_84' title='bbox 945 1117 1039 1178; x_wconf 86' lang='lat' dir='ltr'><strong>pecus</strong></span> <span class='ocrx_word' id='word_1_85' title='bbox 1054 1103 1131 1161; x_wconf 90' lang='lat' dir='ltr'><strong>intra</strong></span> <span class='ocrx_word' id='word_1_86' title='bbox 1144 1116 1167 1156; x_wconf 80' lang='grc' dir='ltr'><strong>ιο</strong></span> 
     </span>
     <span class='ocr_line' id='line_1_12' title="bbox 118 1185 1130 1249; baseline 0.002 -2"><span class='ocrx_word' id='word_1_87' title='bbox 118 1194 236 1247; x_wconf 89' lang='lat' dir='ltr'><strong>uterum</strong></span> <span class='ocrx_word' id='word_1_88' title='bbox 269 1187 407 1248; x_wconf 90' lang='lat' dir='ltr'><strong>habuerit</strong></span> <span class='ocrx_word' id='word_1_89' title='bbox 434 1188 626 1248; x_wconf 90' lang='lat' dir='ltr'><strong>inmortuum.</strong></span> <span class='ocrx_word' id='word_1_90' title='bbox 674 1185 908 1248; x_wconf 88' lang='lat' dir='ltr'><strong>Saluberrimum</strong></span> <span class='ocrx_word' id='word_1_91' title='bbox 937 1197 1036 1249; x_wconf 86' lang='lat' dir='ltr'><strong>autem</strong></span> <span class='ocrx_word' id='word_1_92' title='bbox 1064 1207 1130 1249; x_wconf 91' lang='lat' dir='ltr'><strong>csse</strong></span> 
     </span>
     <span class='ocr_line' id='line_1_13' title="bbox 116 1274 1130 1358; baseline 0.002 -24"><span class='ocrx_word' id='word_1_93' title='bbox 116 1274 254 1336; x_wconf 90' lang='lat' dir='ltr'><strong>omnibus</strong></span> <span class='ocrx_word' id='word_1_94' title='bbox 286 1286 315 1337; x_wconf 89' lang='lat' dir='ltr'><strong>ct</strong></span> <span class='ocrx_word' id='word_1_95' title='bbox 347 1276 482 1336; x_wconf 86' lang='lat' dir='ltr'><strong>virilibus</strong></span> <span class='ocrx_word' id='word_1_96' title='bbox 516 1284 546 1337; x_wconf 94' lang='lat' dir='ltr'><strong>et</strong></span> <span class='ocrx_word' id='word_1_97' title='bbox 578 1276 714 1336; x_wconf 90' lang='lat' dir='ltr'><strong>lemineis</strong></span> <span class='ocrx_word' id='word_1_98' title='bbox 746 1276 845 1336; x_wconf 87' lang='lat' dir='ltr'><strong>causis</strong></span> <span class='ocrx_word' id='word_1_99' title='bbox 873 1294 909 1336; x_wconf 91' lang='lat' dir='ltr'><strong>ne</strong></span> <span class='ocrx_word' id='word_1_100' title='bbox 939 1276 1072 1358; x_wconf 82' lang='lat' dir='ltr'><strong>dubites,</strong></span> <span class='ocrx_word' id='word_1_101' title='bbox 1105 1279 1130 1337; x_wconf 89' lang='lat' dir='ltr'><strong>si</strong></span> 
     </span>
     <span class='ocr_line' id='line_1_14' title="bbox 116 1363 1129 1445; baseline 0.004 -22"><span class='ocrx_word' id='word_1_102' title='bbox 116 1365 246 1442; x_wconf 91' lang='lat' dir='ltr'><strong>primum</strong></span> <span class='ocrx_word' id='word_1_103' title='bbox 269 1365 427 1444; x_wconf 81' lang='lat' dir='ltr'><strong>diiigenter</strong></span> <span class='ocrx_word' id='word_1_104' title='bbox 450 1383 484 1426; x_wconf 90' lang='lat' dir='ltr'><strong>ac</strong></span> <span class='ocrx_word' id='word_1_105' title='bbox 508 1365 633 1426; x_wconf 86' lang='lat' dir='ltr'><strong>sollicite</strong></span> <span class='ocrx_word' id='word_1_106' title='bbox 657 1363 810 1445; x_wconf 83' lang='lat' dir='ltr'><strong>conficias,</strong></span> <span class='ocrx_word' id='word_1_107' title='bbox 839 1364 959 1445; x_wconf 90' lang='lat' dir='ltr'><strong>deinde,</strong></span> <span class='ocrx_word' id='word_1_108' title='bbox 983 1373 1129 1444; x_wconf 87' lang='lat' dir='ltr'><strong>utsupra</strong></span> 
     </span>
     <span class='ocr_line' id='line_1_15' title="bbox 116 1455 621 1535; baseline 0.004 -23"><span class='ocrx_word' id='word_1_109' title='bbox 116 1455 342 1535; x_wconf 90' lang='lat' dir='ltr'><strong>scriptumest,</strong></span> <span class='ocrx_word' id='word_1_110' title='bbox 367 1457 495 1515; x_wconf 88' lang='lat' dir='ltr'><strong>scienter</strong></span> <span class='ocrx_word' id='word_1_111' title='bbox 520 1456 621 1515; x_wconf 91' lang='lat' dir='ltr'><strong>utaris.</strong></span> 
     </span>
    </p>
   </div>
   <div class='ocr_carea' id='block_1_4' title="bbox 533 1646 710 1710">
    <p class='ocr_par' dir='ltr' id='par_1_4' title="bbox 533 1646 710 1710">
     <span class='ocr_line' id='line_1_16' title="bbox 533 1646 710 1710; baseline 0.011 -2"><span class='ocrx_word' id='word_1_112' title='bbox 533 1647 612 1708; x_wconf 78' lang='lat' dir='ltr'><strong>CIP.</strong></span> <span class='ocrx_word' id='word_1_113' title='bbox 636 1646 710 1710; x_wconf 82' lang='lat' dir='ltr'><strong>VIII.</strong></span> 
     </span>
    </p>
   </div>
   <div class='ocr_carea' id='block_1_5' title="bbox 115 1758 1129 2004">
    <p class='ocr_par' dir='ltr' id='par_1_5' title="bbox 115 1758 1129 2004">
     <span class='ocr_line' id='line_1_17' title="bbox 115 1758 1129 1828; baseline 0.002 -15"><span class='ocrx_word' id='word_1_114' title='bbox 115 1760 170 1814; x_wconf 83' lang='lat' dir='ltr'><strong>Ad</strong></span> <span class='ocrx_word' id='word_1_115' title='bbox 196 1773 314 1815; x_wconf 86' lang='lat' dir='ltr'><strong>omnes</strong></span> <span class='ocrx_word' id='word_1_116' title='bbox 342 1763 377 1814; x_wconf 84' lang='lat' dir='ltr'><strong>et</strong></span> <span class='ocrx_word' id='word_1_117' title='bbox 400 1758 606 1828; x_wconf 83' lang='lat' dir='ltr'><strong>multiplices</strong></span> <span class='ocrx_word' id='word_1_118' title='bbox 630 1759 808 1814; x_wconf 84' lang='lat' dir='ltr'><strong>oculorum</strong></span> <span class='ocrx_word' id='word_1_119' title='bbox 831 1759 967 1815; x_wconf 83' lang='lat' dir='ltr'><strong>dolores</strong></span> <span class='ocrx_word' id='word_1_120' title='bbox 990 1760 1129 1828; x_wconf 78' lang='lat' dir='ltr'><strong>collyris</strong></span> 
     </span>
     <span class='ocr_line' id='line_1_18' title="bbox 116 1846 1129 1916; baseline 0.003 -14"><span class='ocrx_word' id='word_1_121' title='bbox 116 1849 150 1902; x_wconf 88' lang='lat' dir='ltr'><strong>et</strong></span> <span class='ocrx_word' id='word_1_122' title='bbox 176 1847 327 1903; x_wconf 83' lang='lat' dir='ltr'><strong>remedie</strong></span> <span class='ocrx_word' id='word_1_123' title='bbox 354 1846 501 1916; x_wconf 83' lang='lat' dir='ltr'><strong>diverse,</strong></span> <span class='ocrx_word' id='word_1_124' title='bbox 530 1847 631 1903; x_wconf 83' lang='lat' dir='ltr'><strong>etiem</strong></span> <span class='ocrx_word' id='word_1_125' title='bbox 658 1848 798 1916; x_wconf 80' lang='lat' dir='ltr'><strong>physica</strong></span> <span class='ocrx_word' id='word_1_126' title='bbox 825 1848 868 1903; x_wconf 88' lang='lat' dir='ltr'><strong>de</strong></span> <span class='ocrx_word' id='word_1_127' title='bbox 895 1848 1129 1916; x_wconf 80' lang='lat' dir='ltr'><strong>probabilibus</strong></span> 
     </span>
     <span class='ocr_line' id='line_1_19' title="bbox 495 1935 746 2004; baseline 0 -13"><span class='ocrx_word' id='word_1_128' title='bbox 495 1935 746 2004; x_wconf 81' lang='lat' dir='ltr'><strong>experimentis.</strong></span> 
     </span>
    </p>
   </div>
   <div class='ocr_carea' id='block_1_6' title="bbox 81 2069 1161 3302">
    <p class='ocr_par' dir='ltr' id='par_1_6' title="bbox 81 2069 1161 3302">
     <span class='ocr_line' id='line_1_20' title="bbox 81 2069 1161 2151; baseline 0.005 -23"><span class='ocrx_word' id='word_1_129' title='bbox 81 2080 94 2128; x_wconf 93' lang='lat'>1</span> <span class='ocrx_word' id='word_1_130' title='bbox 203 2071 245 2130; x_wconf 78' lang='lat' dir='ltr'><strong>ld</strong></span> <span class='ocrx_word' id='word_1_131' title='bbox 274 2069 516 2131; x_wconf 88' lang='lat' dir='ltr'><strong>conturbationes</strong></span> <span class='ocrx_word' id='word_1_132' title='bbox 545 2079 576 2132; x_wconf 90' lang='lat' dir='ltr'><strong>et</strong></span> <span class='ocrx_word' id='word_1_133' title='bbox 602 2071 796 2150; x_wconf 88' lang='lat' dir='ltr'><strong>lippitudines</strong></span> <span class='ocrx_word' id='word_1_134' title='bbox 820 2071 933 2132; x_wconf 92' lang='lat' dir='ltr'><strong>subitas</strong></span> <span class='ocrx_word' id='word_1_135' title='bbox 956 2072 1161 2151; x_wconf 82' lang='lat' dir='ltr'><strong>epiphoras-1⁵</strong></span> 
     </span>
     <span class='ocr_line' id='line_1_21' title="bbox 116 2158 1126 2241; baseline 0.002 -22"><span class='ocrx_word' id='word_1_136' title='bbox 116 2177 173 2238; x_wconf 93' lang='lat' dir='ltr'><strong>que</strong></span> <span class='ocrx_word' id='word_1_137' title='bbox 198 2158 352 2220; x_wconf 91' lang='lat' dir='ltr'><strong>oculorum</strong></span> <span class='ocrx_word' id='word_1_138' title='bbox 377 2161 438 2220; x_wconf 88' lang='lat' dir='ltr'><strong>scio</strong></span> <span class='ocrx_word' id='word_1_139' title='bbox 463 2159 554 2221; x_wconf 89' lang='lat' dir='ltr'><strong>multa</strong></span> <span class='ocrx_word' id='word_1_140' title='bbox 577 2159 710 2239; x_wconf 81' lang='lat' dir='ltr'><strong>collyria,</strong></span> <span class='ocrx_word' id='word_1_141' title='bbox 738 2162 857 2220; x_wconf 90' lang='lat' dir='ltr'><strong>tametsi</strong></span> <span class='ocrx_word' id='word_1_142' title='bbox 879 2160 977 2241; x_wconf 89' lang='lat' dir='ltr'><strong>tarde,</strong></span> <span class='ocrx_word' id='word_1_143' title='bbox 1005 2179 1126 2240; x_wconf 92' lang='lat' dir='ltr'><strong>magnos</strong></span> 
     </span>
     <span class='ocr_line' id='line_1_22' title="bbox 115 2247 1127 2327; baseline 0.002 -19"><span class='ocrx_word' id='word_1_144' title='bbox 115 2256 213 2308; x_wconf 90' lang='lat' dir='ltr'><strong>tamen</strong></span> <span class='ocrx_word' id='word_1_145' title='bbox 237 2248 360 2308; x_wconf 91' lang='lat' dir='ltr'><strong>ellectus</strong></span> <span class='ocrx_word' id='word_1_146' title='bbox 379 2247 497 2324; x_wconf 89' lang='lat' dir='ltr'><strong>habere,</strong></span> <span class='ocrx_word' id='word_1_147' title='bbox 521 2249 573 2309; x_wconf 91' lang='lat' dir='ltr'><strong>sed</strong></span> <span class='ocrx_word' id='word_1_148' title='bbox 593 2248 666 2309; x_wconf 93' lang='lat' dir='ltr'><strong>nulli</strong></span> <span class='ocrx_word' id='word_1_149' title='bbox 685 2248 874 2327; x_wconf 83' lang='lat' dir='ltr'><strong>collyriorum</strong></span> <span class='ocrx_word' id='word_1_150' title='bbox 892 2256 1008 2310; x_wconf 92' lang='lat' dir='ltr'><strong>tantum</strong></span> <span class='ocrx_word' id='word_1_151' title='bbox 1028 2249 1127 2310; x_wconf 90' lang='lat' dir='ltr'><strong>tribuo</strong></span> 
     </span>
     <span class='ocr_line' id='line_1_23' title="bbox 115 2335 1125 2417; baseline 0.003 -22"><span class='ocrx_word' id='word_1_152' title='bbox 115 2345 259 2414; x_wconf 92' lang='lat' dir='ltr'><strong>quantum</strong></span> <span class='ocrx_word' id='word_1_153' title='bbox 286 2335 361 2415; x_wconf 81' lang='lat' dir='ltr'><strong>lycio</strong></span> <span class='ocrx_word' id='word_1_154' title='bbox 389 2335 490 2398; x_wconf 92' lang='lat' dir='ltr'><strong>Indico</strong></span> <span class='ocrx_word' id='word_1_155' title='bbox 519 2337 563 2398; x_wconf 88' lang='lat' dir='ltr'><strong>vel</strong></span> <span class='ocrx_word' id='word_1_156' title='bbox 592 2355 646 2416; x_wconf 89' lang='lat' dir='ltr'><strong>per</strong></span> <span class='ocrx_word' id='word_1_157' title='bbox 676 2355 721 2417; x_wconf 82' lang='lat' dir='ltr'><strong>se3</strong></span> <span class='ocrx_word' id='word_1_158' title='bbox 749 2337 805 2396; x_wconf 91' lang='lat' dir='ltr'><strong>boc</strong></span> <span class='ocrx_word' id='word_1_159' title='bbox 834 2339 913 2397; x_wconf 92' lang='lat' dir='ltr'><strong>enim</strong></span> <span class='ocrx_word' id='word_1_160' title='bbox 940 2339 1020 2398; x_wconf 88' lang='lat' dir='ltr'><strong>inter</strong></span> <span class='ocrx_word' id='word_1_161' title='bbox 1044 2340 1125 2399; x_wconf 88' lang='lat' dir='ltr'><strong>initia</strong></span> 
     </span>
     <span class='ocr_line' id='line_1_24' title="bbox 115 2424 1126 2506; baseline 0.002 -23"><span class='ocrx_word' id='word_1_162' title='bbox 115 2426 140 2483; x_wconf 96' lang='lat' dir='ltr'><strong>si</strong></span> <span class='ocrx_word' id='word_1_163' title='bbox 159 2425 226 2502; x_wconf 92' lang='lat' dir='ltr'><strong>quis</strong></span> <span class='ocrx_word' id='word_1_164' title='bbox 247 2432 279 2484; x_wconf 94' lang='lat' dir='ltr'><strong>ut</strong></span> <span class='ocrx_word' id='word_1_165' title='bbox 298 2425 418 2505; x_wconf 87' lang='lat' dir='ltr'><strong>collyrio</strong></span> <span class='ocrx_word' id='word_1_166' title='bbox 438 2428 628 2506; x_wconf 83' lang='lat' dir='ltr'><strong>inunguatur,</strong></span> <span class='ocrx_word' id='word_1_167' title='bbox 650 2427 787 2504; x_wconf 89' lang='lat' dir='ltr'><strong>protinus</strong></span> <span class='ocrx_word' id='word_1_168' title='bbox 806 2434 837 2484; x_wconf 91' lang='lat' dir='ltr'><strong>et</strong></span> <span class='ocrx_word' id='word_1_169' title='bbox 855 2424 956 2486; x_wconf 92' lang='lat' dir='ltr'><strong>dolore</strong></span> <span class='ocrx_word' id='word_1_170' title='bbox 976 2429 1126 2505; x_wconf 88' lang='lat' dir='ltr'><strong>praesenti</strong></span> 
     </span>
     <span class='ocr_line' id='line_1_25' title="bbox 115 2512 1160 2592; baseline 0.004 -20"><span class='ocrx_word' id='word_1_171' title='bbox 115 2522 144 2573; x_wconf 88' lang='lat' dir='ltr'><strong>et</strong></span> <span class='ocrx_word' id='word_1_172' title='bbox 163 2512 263 2572; x_wconf 89' lang='lat' dir='ltr'><strong>luturo</strong></span> <span class='ocrx_word' id='word_1_173' title='bbox 282 2521 399 2574; x_wconf 90' lang='lat' dir='ltr'><strong>tumore</strong></span> <span class='ocrx_word' id='word_1_174' title='bbox 414 2514 596 2575; x_wconf 88' lang='lat' dir='ltr'><strong>liberabitur.</strong></span> <span class='ocrx_word' id='word_1_175' title='bbox 635 2513 858 2592; x_wconf 87' lang='lat' dir='ltr'><strong>Supervacuum</strong></span> <span class='ocrx_word' id='word_1_176' title='bbox 873 2522 919 2574; x_wconf 89' lang='lat' dir='ltr'><strong>est</strong></span> <span class='ocrx_word' id='word_1_177' title='bbox 933 2523 1033 2575; x_wconf 91' lang='lat' dir='ltr'><strong>autem</strong></span> <span class='ocrx_word' id='word_1_178' title='bbox 1049 2533 1126 2576; x_wconf 88' lang='lat' dir='ltr'><strong>nunc</strong></span> <span class='ocrx_word' id='word_1_179' title='bbox 1139 2529 1160 2569; x_wconf 72' lang='lat'><strong>²⁰</strong></span> 
     </span>
     <span class='ocr_line' id='line_1_26' title="bbox 114 2600 1126 2683; baseline 0.004 -23"><span class='ocrx_word' id='word_1_180' title='bbox 114 2600 215 2661; x_wconf 86' lang='lat' dir='ltr'><strong>laudes</strong></span> <span class='ocrx_word' id='word_1_181' title='bbox 240 2603 303 2662; x_wconf 88' lang='lat' dir='ltr'><strong>eius</strong></span> <span class='ocrx_word' id='word_1_182' title='bbox 328 2603 454 2683; x_wconf 81' lang='lat' dir='ltr'><strong>reicrrc3</strong></span> <span class='ocrx_word' id='word_1_183' title='bbox 479 2605 508 2663; x_wconf 90' lang='lat' dir='ltr'><strong>in</strong></span> <span class='ocrx_word' id='word_1_184' title='bbox 532 2603 596 2662; x_wconf 91' lang='lat' dir='ltr'><strong>aliis</strong></span> <span class='ocrx_word' id='word_1_185' title='bbox 620 2605 699 2662; x_wconf 87' lang='lat' dir='ltr'><strong>enim</strong></span> <span class='ocrx_word' id='word_1_186' title='bbox 723 2609 863 2680; x_wconf 83' lang='lat' dir='ltr'><strong>expertus</strong></span> <span class='ocrx_word' id='word_1_187' title='bbox 884 2602 1040 2682; x_wconf 81' lang='lat' dir='ltr'><strong>intelleges</strong></span> <span class='ocrx_word' id='word_1_188' title='bbox 1060 2606 1126 2664; x_wconf 87' lang='lat' dir='ltr'><strong>slm-</strong></span> 
     </span>
     <span class='ocr_line' id='line_1_27' title="bbox 113 2688 1126 2770; baseline 0.003 -21"><span class='ocrx_word' id='word_1_189' title='bbox 113 2688 199 2769; x_wconf 91' lang='lat' dir='ltr'><strong>plicis</strong></span> <span class='ocrx_word' id='word_1_190' title='bbox 223 2693 267 2750; x_wconf 90' lang='lat' dir='ltr'><strong>rei</strong></span> <span class='ocrx_word' id='word_1_191' title='bbox 291 2692 338 2750; x_wconf 83' lang='lat' dir='ltr'><strong>vix</strong></span> <span class='ocrx_word' id='word_1_192' title='bbox 362 2692 526 2752; x_wconf 91' lang='lat' dir='ltr'><strong>credendos</strong></span> <span class='ocrx_word' id='word_1_193' title='bbox 550 2692 682 2753; x_wconf 84' lang='lat' dir='ltr'><strong>allectus.</strong></span> <span class='ocrx_word' id='word_1_194' title='bbox 715 2690 841 2769; x_wconf 86' lang='lat' dir='ltr'><strong>Oportet</strong></span> <span class='ocrx_word' id='word_1_195' title='bbox 864 2709 934 2770; x_wconf 87' lang='lat' dir='ltr'><strong>ergo</strong></span> <span class='ocrx_word' id='word_1_196' title='bbox 954 2700 988 2752; x_wconf 92' lang='lat' dir='ltr'><strong>ut</strong></span> <span class='ocrx_word' id='word_1_197' title='bbox 1006 2694 1126 2753; x_wconf 90' lang='lat' dir='ltr'><strong>minime</strong></span> 
     </span>
     <span class='ocr_line' id='line_1_28' title="bbox 114 2779 1126 2861; baseline 0.003 -22"><span class='ocrx_word' id='word_1_198' title='bbox 114 2787 220 2858; x_wconf 88' lang='lat' dir='ltr'><strong>quater</strong></span> <span class='ocrx_word' id='word_1_199' title='bbox 244 2782 437 2860; x_wconf 88' lang='lat' dir='ltr'><strong>quinquiesve</strong></span> <span class='ocrx_word' id='word_1_200' title='bbox 461 2799 497 2840; x_wconf 87' lang='lat' dir='ltr'><strong>ex</strong></span> <span class='ocrx_word' id='word_1_201' title='bbox 516 2779 669 2839; x_wconf 87' lang='lat' dir='ltr'><strong>intervallo</strong></span> <span class='ocrx_word' id='word_1_202' title='bbox 688 2779 861 2858; x_wconf 89' lang='lat' dir='ltr'><strong>lippientem</strong></span> <span class='ocrx_word' id='word_1_203' title='bbox 880 2781 996 2861; x_wconf 81' lang='lat' dir='ltr'><strong>inungi3</strong></span> <span class='ocrx_word' id='word_1_204' title='bbox 1011 2781 1126 2850; x_wconf 61' lang='lat' dir='ltr'><strong>‚deiude</strong></span> 
     </span>
     <span class='ocr_line' id='line_1_29' title="bbox 114 2867 1126 2950; baseline 0.001 -22"><span class='ocrx_word' id='word_1_205' title='bbox 114 2887 182 2928; x_wconf 90' lang='lat' dir='ltr'><strong>cum</strong></span> <span class='ocrx_word' id='word_1_206' title='bbox 211 2868 398 2929; x_wconf 88' lang='lat' dir='ltr'><strong>conbiberint</strong></span> <span class='ocrx_word' id='word_1_207' title='bbox 427 2868 517 2948; x_wconf 89' lang='lat' dir='ltr'><strong>oculi,</strong></span> <span class='ocrx_word' id='word_1_208' title='bbox 546 2868 580 2928; x_wconf 91' lang='lat' dir='ltr'><strong>ad</strong></span> <span class='ocrx_word' id='word_1_209' title='bbox 610 2867 742 2946; x_wconf 88' lang='lat' dir='ltr'><strong>singulas</strong></span> <span class='ocrx_word' id='word_1_210' title='bbox 769 2869 959 2929; x_wconf 91' lang='lat' dir='ltr'><strong>inunctiones</strong></span> <span class='ocrx_word' id='word_1_211' title='bbox 987 2888 1024 2930; x_wconf 83' lang='lat' dir='ltr'><strong>ex</strong></span> <span class='ocrx_word' id='word_1_212' title='bbox 1053 2887 1126 2950; x_wconf 91' lang='lat' dir='ltr'><strong>aqua</strong></span> 
     </span>
     <span class='ocr_line' id='line_1_30' title="bbox 114 2957 1160 3036; baseline 0.003 -20"><span class='ocrx_word' id='word_1_213' title='bbox 114 2975 202 3034; x_wconf 89' lang='lat' dir='ltr'><strong>quam</strong></span> <span class='ocrx_word' id='word_1_214' title='bbox 226 2960 357 3036; x_wconf 89' lang='lat' dir='ltr'><strong>poterint</strong></span> <span class='ocrx_word' id='word_1_215' title='bbox 381 2961 528 3018; x_wconf 91' lang='lat' dir='ltr'><strong>sustinere</strong></span> <span class='ocrx_word' id='word_1_216' title='bbox 553 2957 729 3017; x_wconf 88' lang='lat' dir='ltr'><strong>calidissima</strong></span> <span class='ocrx_word' id='word_1_217' title='bbox 749 2960 888 3036; x_wconf 91' lang='lat' dir='ltr'><strong>spongeis</strong></span> <span class='ocrx_word' id='word_1_218' title='bbox 907 2961 1057 3036; x_wconf 83' lang='lat' dir='ltr'><strong>expressis</strong></span> <span class='ocrx_word' id='word_1_219' title='bbox 1080 2969 1160 3020; x_wconf 70' lang='lat' dir='ltr'><strong>rati</strong></span> 
     </span>
     <span class='ocr_line' id='line_1_31' title="bbox 114 3044 1128 3127; baseline 0.006 -25"><span class='ocrx_word' id='word_1_220' title='bbox 114 3047 213 3121; x_wconf 93' lang='lat' dir='ltr'><strong>porari</strong></span> <span class='ocrx_word' id='word_1_221' title='bbox 237 3045 348 3105; x_wconf 91' lang='lat' dir='ltr'><strong>diutius</strong></span> <span class='ocrx_word' id='word_1_222' title='bbox 372 3047 535 3125; x_wconf 90' lang='lat' dir='ltr'><strong>eodemque</strong></span> <span class='ocrx_word' id='word_1_223' title='bbox 559 3045 606 3105; x_wconf 89' lang='lat' dir='ltr'><strong>die</strong></span> <span class='ocrx_word' id='word_1_224' title='bbox 635 3048 665 3105; x_wconf 95' lang='lat' dir='ltr'><strong>in</strong></span> <span class='ocrx_word' id='word_1_225' title='bbox 693 3044 843 3105; x_wconf 91' lang='lat' dir='ltr'><strong>balineum</strong></span> <span class='ocrx_word' id='word_1_226' title='bbox 872 3046 941 3106; x_wconf 93' lang='lat' dir='ltr'><strong>duci</strong></span> <span class='ocrx_word' id='word_1_227' title='bbox 968 3064 1051 3127; x_wconf 87' lang='lat' dir='ltr'><strong>eum,</strong></span> <span class='ocrx_word' id='word_1_228' title='bbox 1078 3048 1128 3125; x_wconf 92' lang='lat' dir='ltr'><strong>qui</strong></span> 
     </span>
     <span class='ocr_line' id='line_1_32' title="bbox 114 3132 1127 3216; baseline 0.006 -26"><span class='ocrx_word' id='word_1_229' title='bbox 114 3133 255 3191; x_wconf 91' lang='lat' dir='ltr'><strong>inunctus</strong></span> <span class='ocrx_word' id='word_1_230' title='bbox 279 3132 382 3213; x_wconf 89' lang='lat' dir='ltr'><strong>luerit,</strong></span> <span class='ocrx_word' id='word_1_231' title='bbox 410 3137 449 3194; x_wconf 91' lang='lat' dir='ltr'><strong>ita</strong></span> <span class='ocrx_word' id='word_1_232' title='bbox 474 3142 507 3195; x_wconf 91' lang='lat' dir='ltr'><strong>ut</strong></span> <span class='ocrx_word' id='word_1_233' title='bbox 531 3152 598 3194; x_wconf 89' lang='lat' dir='ltr'><strong>cum</strong></span> <span class='ocrx_word' id='word_1_234' title='bbox 623 3143 723 3194; x_wconf 91' lang='lat' dir='ltr'><strong>cetero</strong></span> <span class='ocrx_word' id='word_1_235' title='bbox 747 3152 872 3213; x_wconf 88' lang='lat' dir='ltr'><strong>corpore</strong></span> <span class='ocrx_word' id='word_1_236' title='bbox 895 3142 984 3214; x_wconf 88' lang='lat' dir='ltr'><strong>capnt</strong></span> <span class='ocrx_word' id='word_1_237' title='bbox 1008 3153 1127 3216; x_wconf 90' lang='lat' dir='ltr'><strong>quoque</strong></span> 
     </span>
     <span class='ocr_line' id='line_1_33' title="bbox 114 3219 1127 3302; baseline 0.006 -24"><span class='ocrx_word' id='word_1_238' title='bbox 114 3228 143 3279; x_wconf 88' lang='lat' dir='ltr'><strong>et</strong></span> <span class='ocrx_word' id='word_1_239' title='bbox 170 3219 275 3278; x_wconf 83' lang='lat' dir='ltr'><strong>faciem</strong></span> <span class='ocrx_word' id='word_1_240' title='bbox 304 3220 414 3280; x_wconf 87' lang='lat' dir='ltr'><strong>calidae</strong></span> <span class='ocrx_word' id='word_1_241' title='bbox 437 3224 583 3300; x_wconf 88' lang='lat' dir='ltr'><strong>inmergat</strong></span> <span class='ocrx_word' id='word_1_242' title='bbox 607 3230 637 3281; x_wconf 88' lang='lat' dir='ltr'><strong>et</strong></span> <span class='ocrx_word' id='word_1_243' title='bbox 661 3221 757 3281; x_wconf 88' lang='lat' dir='ltr'><strong>loveat</strong></span> <span class='ocrx_word' id='word_1_244' title='bbox 780 3225 940 3302; x_wconf 89' lang='lat' dir='ltr'><strong>vinumque</strong></span> <span class='ocrx_word' id='word_1_245' title='bbox 964 3231 1033 3302; x_wconf 92' lang='lat' dir='ltr'><strong>post</strong></span> <span class='ocrx_word' id='word_1_246' title='bbox 1057 3223 1127 3284; x_wconf 91' lang='lat' dir='ltr'><strong>bali-</strong></span> 
     </span>
    </p>
   </div>
   <div class='ocr_carea' id='block_1_7' title="bbox 114 3352 1127 3551">
    <p class='ocr_par' dir='ltr' id='par_1_7' title="bbox 114 3352 1127 3551">
     <span class='ocr_line' id='line_1_34' title="bbox 188 3352 1127 3426; baseline 0.01 -21"><span class='ocrx_word' id='word_1_247' title='bbox 188 3357 218 3405; x_wconf 84' lang='lat'><strong>18</strong></span> <span class='ocrx_word' id='word_1_248' title='bbox 238 3352 334 3409; x_wconf 91' lang='lat' dir='ltr'><strong>Indico</strong></span> <span class='ocrx_word' id='word_1_249' title='bbox 353 3353 411 3424; x_wconf 88' lang='lat' dir='ltr'><strong>vel]</strong></span> <span class='ocrx_word' id='word_1_250' title='bbox 429 3353 567 3410; x_wconf 87' lang='lat' dir='ltr'><strong>indicove.</strong></span> <span class='ocrx_word' id='word_1_251' title='bbox 651 3360 683 3410; x_wconf 83' lang='grc'><strong>19</strong></span> <span class='ocrx_word' id='word_1_252' title='bbox 703 3354 878 3426; x_wconf 77' lang='lat' dir='ltr'><strong>inungeretur.</strong></span> <span class='ocrx_word' id='word_1_253' title='bbox 965 3363 1000 3413; x_wconf 78' lang='lat'><strong>22</strong></span> <span class='ocrx_word' id='word_1_254' title='bbox 1020 3357 1127 3415; x_wconf 81' lang='lat' dir='ltr'><strong>effectis</strong></span> 
     </span>
     <span class='ocr_line' id='line_1_35' title="bbox 114 3423 1127 3551; baseline 0.005 -72"><span class='ocrx_word' id='word_1_255' title='bbox 114 3423 221 3548; x_wconf 58' lang='lat' dir='ltr'><strong>oppsrtit</strong></span> <span class='ocrx_word' id='word_1_256' title='bbox 240 3426 291 3550; x_wconf 50' lang='lat' dir='ltr'><strong>(egge</strong></span> <span class='ocrx_word' id='word_1_257' title='bbox 308 3426 430 3551; x_wconf 55' lang='lat' dir='ltr'><strong>ppppppe)</strong></span> <span class='ocrx_word' id='word_1_258' title='bbox 494 3425 623 3480; x_wconf 88' lang='lat' dir='ltr'><strong>menime.</strong></span> <span class='ocrx_word' id='word_1_259' title='bbox 687 3433 723 3482; x_wconf 77' lang='lat'><strong>24</strong></span> <span class='ocrx_word' id='word_1_260' title='bbox 742 3427 905 3483; x_wconf 81' lang='lat' dir='ltr'><strong>coniverint</strong></span> <span class='ocrx_word' id='word_1_261' title='bbox 971 3435 1006 3485; x_wconf 76' lang='lat'><strong>25</strong></span> <span class='ocrx_word' id='word_1_262' title='bbox 1025 3431 1127 3500; x_wconf 87' lang='lat' dir='ltr'><strong>sphon-</strong></span> 
     </span>
    </p>
   </div>
   <div class='ocr_carea' id='block_1_8' title="bbox 0 0 1216 3878">
    <p class='ocr_par' dir='ltr' id='par_1_8' title="bbox 0 0 1216 3878">
     <span class='ocr_line' id='line_1_36' title="bbox 0 0 1216 3878; baseline 0 1"><span class='ocrx_word' id='word_1_263' title='bbox 0 0 1216 3878; x_wconf 95' lang='lat' dir='ltr'><strong> </strong></span> 
     </span>
    </p>
   </div>
  </div>
 </body>
</html>
