2422 3878
513 102 754 166 —384-

172 261 256 344 lrim,
281 273 449 325 castoreum
473 264 658 344 scillamque,
681 266 796 343 opium,
819 281 992 342 panaceam,

172 350 325 432 Resinam,
349 353 493 434 lepidum,
517 352 699 432 eulorbium,
723 355 766 431 git
789 359 877 430 atque
900 351 1094 431 pyrethrum,

173 439 312 519 Zingiber
336 449 366 502 et
389 441 529 522 calidum,
552 441 674 501 mordax
697 443 784 519 piper
807 449 837 500 et
859 439 937 500 laser
958 439 1065 517 algens

171 529 389 609 Agaricumque
413 548 590 608 asarumque
613 538 733 611 potens,
757 529 854 609 aloen,
878 529 1045 608 aconitum,
1160 547 1184 589 aa

172 616 312 698 Galbana,
337 617 539 697 sandaracam,
562 636 744 695 samsucum,
767 619 931 696 psoricum,
954 615 1092 696 alumen,

171 705 306 766 Acaciam
330 706 536 784 propolimque
561 716 591 766 et
614 707 753 784 adarcen,
777 723 903 786 cnecon,
927 704 1093 766 acanthum

171 793 369 854 Andrachncn
393 812 561 873 acoronque
585 811 754 873 opopanaca
777 792 1068 873 pompholygemque

171 881 318 960 Cpperum
341 881 479 943 ladanum
502 900 728 961 sagapenonque
752 890 783 942 et
804 881 1046 960 tragacantham,

171 968 369 1052 Scamoniam,
392 970 493 1051 cyphi,
516 970 720 1031 malabathron
744 966 817 1050 <et>
841 970 1059 1031 ammoniacon.
1160 989 1184 1028 co

170 1056 303 1136 Denique
326 1062 480 1138 repperies
503 1061 583 1139 istic,
608 1059 686 1138 quod
709 1059 786 1120 lucis
808 1060 839 1119 in
863 1065 931 1119 ortu

169 1144 274 1226 indue,
297 1146 404 1228 Arabs,
429 1148 531 1229 Seres,
554 1148 661 1208 Perses
685 1149 825 1227 divesque
849 1146 980 1207 Sabaeus

170 1233 272 1293 Vicino
296 1235 352 1296 sub
376 1235 438 1296 sole
461 1236 577 1316 legunt,
602 1236 680 1315 quod
704 1235 828 1313 praebet
851 1234 993 1314 Orontes,

170 1321 318 1383 Eximium
342 1326 443 1402 ignoto
468 1327 559 1385 mittit
582 1325 660 1402 quod
684 1324 769 1384 Nilus
793 1323 829 1384 ab
854 1331 935 1404 ortu,

169 1411 350 1490 llecerptnm
373 1413 465 1493 loliis,
488 1431 584 1493 ramo,
608 1421 689 1493 cute,
713 1415 838 1493 cortice,
862 1414 955 1490 virga,
1162 1429 1187 1470 eo

170 1498 315 1579 Quodque
339 1500 375 1560 ab
398 1500 545 1561 idumaeis
568 1510 685 1561 vectum
710 1500 834 1579 seplasia
858 1499 990 1560 vendunt

168 1586 206 1647 Et
230 1589 371 1667 quicquid
395 1590 511 1649 confert
534 1590 657 1650 medicis
680 1589 793 1668 Lagaea
817 1588 955 1667 cataplus.

167 1675 246 1735 Haec
270 1679 451 1757 quicumque
474 1677 568 1756 leges,
592 1680 705 1756 poteris
729 1678 899 1738 discerncre
923 1684 1039 1757 tecum,

167 1764 361 1842 Agnoscenda
384 1768 476 1843 magis
500 1769 561 1826 sive
585 1766 751 1827 exercenda
774 1768 875 1826 rearis

168 1851 300 1930 Quisque
324 1862 422 1914 tamen
444 1863 581 1915 nostrum
599 1854 656 1914 hoc
675 1854 807 1915 studium
826 1851 1001 1932 dignabere,
1025 1872 1146 1933 quaeso
1160 1871 1185 1911 ⁷⁰

167 1939 303 2002 Praestes
326 1943 602 2021 iudicinm'purum
627 1952 814 2022 mentemque
837 1943 1004 2019 benignam.

168 2027 216 2088 Sic
240 2038 291 2090 tua
314 2041 459 2110 perpetuo
483 2041 659 2111 vegetentur
682 2031 813 2092 membra
837 2033 936 2109 vigore

166 2115 204 2176 Et
227 2136 350 2197 peragas
374 2120 518 2198 placidam
541 2119 711 2199 permulta
735 2119 876 2180 decennia
899 2119 997 2179 vitam.

167 2205 216 2264 Sic
240 2224 300 2267 non
323 2210 443 2268 incuses
467 2207 591 2268 validam
614 2208 819 2287 placidamque
843 2214 992 2268 senectam

165 2292 226 2351 Nec
250 2293 304 2353 tibi
329 2297 367 2355 sit
389 2296 513 2355 medicis
536 2314 612 2373 opus
635 2314 774 2374 umquam
798 2314 853 2357 nec
876 2294 932 2356 tibi
955 2313 1043 2356 casus
1160 2315 1183 2354 rs

164 2380 224 2440 Aut
247 2381 368 2442 morbus
392 2384 508 2461 pariant
531 2383 625 2443 ullum
649 2384 826 2463 quandoque
849 2383 994 2462 dolorem,

166 2468 224 2530 Sed
248 2470 353 2548 procul
377 2490 392 2531 a
416 2473 498 2532 curis
521 2479 551 2533 et
575 2490 646 2532 sano
669 2490 795 2550 corpore
818 2475 911 2552 vivas,

166 2557 303 2638 Quotque
327 2559 376 2621 bic
400 2570 471 2621 sunt
493 2579 611 2648 versnS,
635 2568 679 2621 tot
702 2569 790 2639 agant
812 2569 863 2622 tua
884 2570 1019 2657 tempora
1038 2559 1142 2625 Ianos.

210 2735 243 2784 53
263 2731 400 2802 lepidum]
419 2733 445 2787 ei
464 2733 541 2787 lectio
562 2738 600 2787 eat
618 2732 735 2800 integra,
753 2729 889 2799 lepidium
907 2730 997 2785 dicere
1014 2732 1141 2788 videtur.

120 2801 294 2867 euphorbum
315 2801 520 2857 Constantinus.
622 2806 655 2854 59
675 2801 848 2870 sagapenion
867 2801 896 2855 et
913 2803 1140 2870 tragacantham

118 2870 207 2926 Riese.
316 2877 350 2926 60
369 2872 452 2941 cyphi
477 2873 589 2942 scripsi:
613 2889 702 2941 cypen
727 2872 885 2928 dornoniae.
976 2870 1050 2944 (et)
1070 2875 1138 2930 add.

119 2939 280 2997 Salmasius.
367 2947 400 2996 62
420 2944 512 2997 Persis
533 2943 692 2999 Gornorins.
779 2948 813 2997 at
832 2941 945 3012 Lagaoa
963 2942 1140 3002 Salmasius.-

118 3009 231 3080 lalagea
251 3013 409 3068 Carnarius.
485 3019 519 3067 74
536 3015 727 3084 placitamque
748 3014 906 3070 Gornorins.
