<?xml version="1.0" encoding="UTF-8"?>
<!DOCTYPE html PUBLIC "-//W3C//DTD XHTML 1.0 Transitional//EN"
    "http://www.w3.org/TR/xhtml1/DTD/xhtml1-transitional.dtd">
<html xmlns="http://www.w3.org/1999/xhtml" xml:lang="en" lang="en">
 <head>
  <title>
</title>
<meta http-equiv="Content-Type" content="text/html;charset=utf-8" />
  <meta name='ocr-system' content='tesseract 3.04.00' />
  <meta name='ocr-capabilities' content='ocr_page ocr_carea ocr_par ocr_line ocrx_word'/>
</head>
<body>
  <div class='ocr_page' id='page_1' title='image "./marcellidemedic00helmgoog/marcellidemedic00helmgoog_0053.png"; bbox 0 0 2422 3878; ppageno 0'>
   <div class='ocr_carea' id='block_1_1' title="bbox 541 133 761 198">
    <p class='ocr_par' dir='ltr' id='par_1_1' title="bbox 541 133 761 198">
     <span class='ocr_line' id='line_1_1' title="bbox 541 133 761 198; baseline 0.005 -20"><span class='ocrx_word' id='word_1_1' title='bbox 541 133 761 198; x_wconf 70' lang='lat'>„40-</span> 
     </span>
    </p>
   </div>
   <div class='ocr_carea' id='block_1_2' title="bbox 94 294 1198 2677">
    <p class='ocr_par' dir='ltr' id='par_1_2' title="bbox 94 294 1198 2677">
     <span class='ocr_line' id='line_1_2' title="bbox 146 294 1163 375; baseline -0.001 -18"><span class='ocrx_word' id='word_1_2' title='bbox 146 296 311 357; x_wconf 89' lang='lat' dir='ltr'>remedium</span> <span class='ocrx_word' id='word_1_3' title='bbox 329 294 463 375; x_wconf 84' lang='lat' dir='ltr'>habebit3</span> <span class='ocrx_word' id='word_1_4' title='bbox 487 313 583 373; x_wconf 90' lang='lat' dir='ltr'>neque</span> <span class='ocrx_word' id='word_1_5' title='bbox 603 303 701 375; x_wconf 88' lang='lat' dir='ltr'>curet,</span> <span class='ocrx_word' id='word_1_6' title='bbox 721 296 747 354; x_wconf 93' lang='lat' dir='ltr'>si</span> <span class='ocrx_word' id='word_1_7' title='bbox 765 294 829 356; x_wconf 86' lang='lat' dir='ltr'>dios</span> <span class='ocrx_word' id='word_1_8' title='bbox 848 294 951 356; x_wconf 85' lang='lat' dir='ltr'>Martis</span> <span class='ocrx_word' id='word_1_9' title='bbox 970 303 1022 356; x_wconf 90' lang='lat' dir='ltr'>aut</span> <span class='ocrx_word' id='word_1_10' title='bbox 1041 294 1163 357; x_wconf 82' lang='lat' dir='ltr'>Saturni</span> 
     </span>
     <span class='ocr_line' id='line_1_3' title="bbox 94 383 1164 447; baseline -0.001 -1"><span class='ocrx_word' id='word_1_11' title='bbox 94 398 128 447; x_wconf 86' lang='lat'>14</span> <span class='ocrx_word' id='word_1_12' title='bbox 146 388 178 444; x_wconf 91' lang='lat' dir='ltr'>in</span> <span class='ocrx_word' id='word_1_13' title='bbox 201 384 255 444; x_wconf 92' lang='lat' dir='ltr'>bas</span> <span class='ocrx_word' id='word_1_14' title='bbox 278 383 363 444; x_wconf 91' lang='lat' dir='ltr'>lunas</span> <span class='ocrx_word' id='word_1_15' title='bbox 382 384 530 444; x_wconf 89' lang='lat' dir='ltr'>inciderit.</span> <span class='ocrx_word' id='word_1_16' title='bbox 566 383 758 444; x_wconf 86' lang='lat' dir='ltr'>Eterocrania</span> <span class='ocrx_word' id='word_1_17' title='bbox 779 385 841 444; x_wconf 85' lang='lat' dir='ltr'>sive</span> <span class='ocrx_word' id='word_1_18' title='bbox 861 385 1021 445; x_wconf 87' lang='lat' dir='ltr'>emicrania</span> <span class='ocrx_word' id='word_1_19' title='bbox 1040 384 1164 445; x_wconf 78' lang='lat' dir='ltr'>discutit</span> 
     </span>
     <span class='ocr_line' id='line_1_4' title="bbox 146 470 1169 554; baseline 0 -22"><span class='ocrx_word' id='word_1_20' title='bbox 146 473 219 533; x_wconf 87' lang='lat' dir='ltr'>haec</span> <span class='ocrx_word' id='word_1_21' title='bbox 234 474 413 552; x_wconf 83' lang='lat' dir='ltr'>conpositio:</span> <span class='ocrx_word' id='word_1_22' title='bbox 429 471 526 533; x_wconf 82' lang='lat' dir='ltr'><strong>Gallae</strong></span> <span class='ocrx_word' id='word_1_23' title='bbox 543 471 679 551; x_wconf 79' lang='lat' dir='ltr'>Syriacae</span> <span class='ocrx_word' id='word_1_24' title='bbox 691 470 792 550; x_wconf 85' lang='grc' dir='ltr'><strong>-ΙΙΙ,</strong></span> <span class='ocrx_word' id='word_1_25' title='bbox 805 474 1050 553; x_wconf 78' lang='lat' dir='ltr'>crocomagmatis</span> <span class='ocrx_word' id='word_1_26' title='bbox 1065 505 1103 516; x_wconf 92' lang='lat'><em>-</em></span> <span class='ocrx_word' id='word_1_27' title='bbox 1115 471 1169 554; x_wconf 63' lang='lat' dir='ltr'>lll,¹</span> 
     </span>
     <span class='ocr_line' id='line_1_5' title="bbox 147 559 1164 642; baseline 0.001 -21"><span class='ocrx_word' id='word_1_28' title='bbox 147 561 227 622; x_wconf 87' lang='lat' dir='ltr'>aloes</span> <span class='ocrx_word' id='word_1_29' title='bbox 254 595 296 604; x_wconf 92' lang='lat'><em>-</em></span> <span class='ocrx_word' id='word_1_30' title='bbox 321 560 376 640; x_wconf 85' lang='grc' dir='ltr'>ΙΙΙ,</span> <span class='ocrx_word' id='word_1_31' title='bbox 404 560 456 621; x_wconf 88' lang='lat' dir='ltr'>sed</span> <span class='ocrx_word' id='word_1_32' title='bbox 487 560 577 639; x_wconf 83' lang='lat' dir='ltr'>gadas</span> <span class='ocrx_word' id='word_1_33' title='bbox 605 563 690 640; x_wconf 88' lang='lat' dir='ltr'>prius</span> <span class='ocrx_word' id='word_1_34' title='bbox 718 560 826 621; x_wconf 90' lang='lat' dir='ltr'>tundes</span> <span class='ocrx_word' id='word_1_35' title='bbox 854 568 885 621; x_wconf 88' lang='lat' dir='ltr'>et</span> <span class='ocrx_word' id='word_1_36' title='bbox 912 559 1067 642; x_wconf 81' lang='lat' dir='ltr'>oriblabis,</span> <span class='ocrx_word' id='word_1_37' title='bbox 1101 569 1164 622; x_wconf 91' lang='lat' dir='ltr'>tum</span> 
     </span>
     <span class='ocr_line' id='line_1_6' title="bbox 147 648 1187 727; baseline -0.007 -16"><span class='ocrx_word' id='word_1_38' title='bbox 147 658 246 711; x_wconf 86' lang='lat' dir='ltr'>cetera</span> <span class='ocrx_word' id='word_1_39' title='bbox 274 648 412 709; x_wconf 90' lang='lat' dir='ltr'>similiter</span> <span class='ocrx_word' id='word_1_40' title='bbox 435 657 522 709; x_wconf 92' lang='lat' dir='ltr'>tunsa</span> <span class='ocrx_word' id='word_1_41' title='bbox 551 658 581 710; x_wconf 93' lang='lat' dir='ltr'>et</span> <span class='ocrx_word' id='word_1_42' title='bbox 606 649 735 710; x_wconf 90' lang='lat' dir='ltr'>cribrata</span> <span class='ocrx_word' id='word_1_43' title='bbox 758 648 899 710; x_wconf 87' lang='lat' dir='ltr'>miscebis</span> <span class='ocrx_word' id='word_1_44' title='bbox 921 649 1012 727; x_wconf 91' lang='lat' dir='ltr'>idque</span> <span class='ocrx_word' id='word_1_45' title='bbox 1035 650 1187 710; x_wconf 80' lang='lat' dir='ltr'>medica-s</span> 
     </span>
     <span class='ocr_line' id='line_1_7' title="bbox 147 736 1164 819; baseline 0.001 -21"><span class='ocrx_word' id='word_1_46' title='bbox 147 756 215 798; x_wconf 91' lang='lat' dir='ltr'>men</span> <span class='ocrx_word' id='word_1_47' title='bbox 235 741 270 798; x_wconf 86' lang='lat' dir='ltr'>&#39;in</span> <span class='ocrx_word' id='word_1_48' title='bbox 293 736 399 817; x_wconf 82' lang='lat' dir='ltr'>pyxide</span> <span class='ocrx_word' id='word_1_49' title='bbox 423 737 576 798; x_wconf 91' lang='lat' dir='ltr'>conditum</span> <span class='ocrx_word' id='word_1_50' title='bbox 600 736 732 798; x_wconf 88' lang='lat' dir='ltr'>servabis</span> <span class='ocrx_word' id='word_1_51' title='bbox 760 756 888 816; x_wconf 90' lang='lat' dir='ltr'>cumque</span> <span class='ocrx_word' id='word_1_52' title='bbox 918 755 991 799; x_wconf 89' lang='lat' dir='ltr'>usus</span> <span class='ocrx_word' id='word_1_53' title='bbox 1021 740 1164 819; x_wconf 82' lang='lat' dir='ltr'>exegerit,</span> 
     </span>
     <span class='ocr_line' id='line_1_8' title="bbox 148 825 1163 905; baseline 0 -18"><span class='ocrx_word' id='word_1_54' title='bbox 148 845 182 888; x_wconf 84' lang='lat' dir='ltr'>ex</span> <span class='ocrx_word' id='word_1_55' title='bbox 211 835 295 887; x_wconf 89' lang='lat' dir='ltr'>aceto</span> <span class='ocrx_word' id='word_1_56' title='bbox 324 832 520 904; x_wconf 82' lang='lat' dir='ltr'>temperatum</span> <span class='ocrx_word' id='word_1_57' title='bbox 545 836 629 905; x_wconf 91' lang='lat' dir='ltr'>parte</span> <span class='ocrx_word' id='word_1_58' title='bbox 653 826 760 886; x_wconf 85' lang='lat' dir='ltr'>frontis</span> <span class='ocrx_word' id='word_1_59' title='bbox 790 845 865 905; x_wconf 91' lang='lat' dir='ltr'>qnae</span> <span class='ocrx_word' id='word_1_60' title='bbox 889 825 1001 887; x_wconf 87' lang='lat' dir='ltr'>dolebit</span> <span class='ocrx_word' id='word_1_61' title='bbox 1028 828 1163 905; x_wconf 87' lang='lat' dir='ltr'>inpones.</span> 
     </span>
     <span class='ocr_line' id='line_1_9' title="bbox 96 914 1163 996; baseline 0.001 -21"><span class='ocrx_word' id='word_1_62' title='bbox 96 928 128 976; x_wconf 77' lang='lat'>15</span> <span class='ocrx_word' id='word_1_63' title='bbox 148 915 258 975; x_wconf 88' lang='lat' dir='ltr'>Terrae</span> <span class='ocrx_word' id='word_1_64' title='bbox 291 914 486 994; x_wconf 77' lang='lat' dir='ltr'>Aegyptiacae</span> <span class='ocrx_word' id='word_1_65' title='bbox 515 922 614 993; x_wconf 86' lang='lat' dir='ltr'>partes</span> <span class='ocrx_word' id='word_1_66' title='bbox 650 915 738 996; x_wconf 84' lang='lat' dir='ltr'>duas,</span> <span class='ocrx_word' id='word_1_67' title='bbox 770 917 1014 994; x_wconf 82' lang='lat' dir='ltr'>crocomagmatis</span> <span class='ocrx_word' id='word_1_68' title='bbox 1047 924 1163 994; x_wconf 88' lang='lat' dir='ltr'>partem</span> 
     </span>
     <span class='ocr_line' id='line_1_10' title="bbox 147 1003 1164 1081; baseline 0 -17"><span class='ocrx_word' id='word_1_69' title='bbox 147 1021 237 1064; x_wconf 89' lang='lat' dir='ltr'>unam</span> <span class='ocrx_word' id='word_1_70' title='bbox 260 1021 328 1064; x_wconf 80' lang='lat' dir='ltr'>crim</span> <span class='ocrx_word' id='word_1_71' title='bbox 350 1010 433 1062; x_wconf 91' lang='lat' dir='ltr'>aceto</span> <span class='ocrx_word' id='word_1_72' title='bbox 454 1003 679 1081; x_wconf 88' lang='lat' dir='ltr'>diligentissime</span> <span class='ocrx_word' id='word_1_73' title='bbox 703 1022 737 1064; x_wconf 86' lang='lat' dir='ltr'>ao</span> <span class='ocrx_word' id='word_1_74' title='bbox 760 1005 960 1064; x_wconf 88' lang='lat' dir='ltr'>minutissime</span> <span class='ocrx_word' id='word_1_75' title='bbox 985 1012 1110 1064; x_wconf 87' lang='lat' dir='ltr'>contere</span> <span class='ocrx_word' id='word_1_76' title='bbox 1134 1011 1164 1064; x_wconf 86' lang='lat' dir='ltr'>et</span> 
     </span>
     <span class='ocr_line' id='line_1_11' title="bbox 95 1090 1196 1173; baseline -0.002 -19"><span class='ocrx_word' id='word_1_77' title='bbox 95 1105 128 1154; x_wconf 81' lang='lat'>16</span> <span class='ocrx_word' id='word_1_78' title='bbox 147 1101 262 1173; x_wconf 91' lang='lat' dir='ltr'>partem</span> <span class='ocrx_word' id='word_1_79' title='bbox 286 1110 361 1170; x_wconf 90' lang='lat' dir='ltr'>quae</span> <span class='ocrx_word' id='word_1_80' title='bbox 385 1090 496 1152; x_wconf 84' lang='lat' dir='ltr'>dolebit</span> <span class='ocrx_word' id='word_1_81' title='bbox 520 1090 645 1152; x_wconf 83' lang='lat' dir='ltr'>inlinito.</span> <span class='ocrx_word' id='word_1_82' title='bbox 691 1091 749 1171; x_wconf 91' lang='lat' dir='ltr'>Opi</span> <span class='ocrx_word' id='word_1_83' title='bbox 772 1091 860 1172; x_wconf 90' lang='lat'>-1,</span> <span class='ocrx_word' id='word_1_84' title='bbox 886 1090 1058 1171; x_wconf 90' lang='lat' dir='ltr'>colophonii</span> <span class='ocrx_word' id='word_1_85' title='bbox 1079 1123 1125 1136; x_wconf 89' lang='lat'><em>—</em></span> <span class='ocrx_word' id='word_1_86' title='bbox 1143 1091 1196 1172; x_wconf 77' lang='lat' dir='ltr'>l‚1⁰</span> 
     </span>
     <span class='ocr_line' id='line_1_12' title="bbox 148 1179 1165 1260; baseline 0 -20"><span class='ocrx_word' id='word_1_87' title='bbox 148 1197 264 1260; x_wconf 88' lang='lat' dir='ltr'>myrrae</span> <span class='ocrx_word' id='word_1_88' title='bbox 284 1213 326 1222; x_wconf 92' lang='lat'><em>-</em></span> <span class='ocrx_word' id='word_1_89' title='bbox 341 1179 363 1259; x_wconf 90' lang='lat'>1,</span> <span class='ocrx_word' id='word_1_90' title='bbox 382 1179 551 1260; x_wconf 92' lang='lat' dir='ltr'>hyoscyami</span> <span class='ocrx_word' id='word_1_91' title='bbox 568 1212 611 1222; x_wconf 93' lang='lat'><em>-</em></span> <span class='ocrx_word' id='word_1_92' title='bbox 625 1179 647 1260; x_wconf 85' lang='lat'>1,</span> <span class='ocrx_word' id='word_1_93' title='bbox 666 1179 832 1259; x_wconf 90' lang='lat' dir='ltr'>peucedani</span> <span class='ocrx_word' id='word_1_94' title='bbox 846 1213 887 1223; x_wconf 95' lang='lat'><em>—</em></span> <span class='ocrx_word' id='word_1_95' title='bbox 904 1179 925 1260; x_wconf 88' lang='lat'>1,</span> <span class='ocrx_word' id='word_1_96' title='bbox 939 1180 1042 1240; x_wconf 89' lang='lat' dir='ltr'>anethi</span> <span class='ocrx_word' id='word_1_97' title='bbox 1057 1213 1100 1224; x_wconf 90' lang='lat'>—</span> <span class='ocrx_word' id='word_1_98' title='bbox 1116 1179 1165 1260; x_wconf 82' lang='grc' dir='ltr'><strong>ΙΙΙ,</strong></span> 
     </span>
     <span class='ocr_line' id='line_1_13' title="bbox 148 1267 1164 1351; baseline -0.001 -22"><span class='ocrx_word' id='word_1_99' title='bbox 148 1270 392 1348; x_wconf 84' lang='lat' dir='ltr'>crocomagmatis</span> <span class='ocrx_word' id='word_1_100' title='bbox 409 1268 481 1351; x_wconf 86' lang='lat'>-1,</span> <span class='ocrx_word' id='word_1_101' title='bbox 499 1287 635 1329; x_wconf 88' lang='lat' dir='ltr'>seorsum</span> <span class='ocrx_word' id='word_1_102' title='bbox 649 1269 722 1329; x_wconf 89' lang='lat' dir='ltr'>baec</span> <span class='ocrx_word' id='word_1_103' title='bbox 736 1268 844 1329; x_wconf 89' lang='lat' dir='ltr'>tundes</span> <span class='ocrx_word' id='word_1_104' title='bbox 859 1278 889 1330; x_wconf 93' lang='lat' dir='ltr'>et</span> <span class='ocrx_word' id='word_1_105' title='bbox 903 1267 1027 1329; x_wconf 86' lang='lat' dir='ltr'>oriblata</span> <span class='ocrx_word' id='word_1_106' title='bbox 1041 1270 1074 1330; x_wconf 93' lang='lat' dir='ltr'>iu</span> <span class='ocrx_word' id='word_1_107' title='bbox 1087 1285 1164 1329; x_wconf 86' lang='lat' dir='ltr'>mor·</span> 
     </span>
     <span class='ocr_line' id='line_1_14' title="bbox 148 1356 1164 1437; baseline -0.002 -19"><span class='ocrx_word' id='word_1_108' title='bbox 148 1359 224 1419; x_wconf 91' lang='lat' dir='ltr'>tario</span> <span class='ocrx_word' id='word_1_109' title='bbox 244 1357 411 1418; x_wconf 88' lang='lat' dir='ltr'>diutissime</span> <span class='ocrx_word' id='word_1_110' title='bbox 431 1365 569 1418; x_wconf 89' lang='lat' dir='ltr'>conteres</span> <span class='ocrx_word' id='word_1_111' title='bbox 588 1366 618 1418; x_wconf 89' lang='lat' dir='ltr'>et</span> <span class='ocrx_word' id='word_1_112' title='bbox 637 1376 673 1417; x_wconf 85' lang='lat' dir='ltr'>ex</span> <span class='ocrx_word' id='word_1_113' title='bbox 692 1365 775 1421; x_wconf 89' lang='lat' dir='ltr'>aceto</span> <span class='ocrx_word' id='word_1_114' title='bbox 793 1359 904 1437; x_wconf 87' lang='lat' dir='ltr'>optimo</span> <span class='ocrx_word' id='word_1_115' title='bbox 920 1357 956 1417; x_wconf 92' lang='lat' dir='ltr'>de</span> <span class='ocrx_word' id='word_1_116' title='bbox 970 1357 1028 1417; x_wconf 91' lang='lat' dir='ltr'>boc</span> <span class='ocrx_word' id='word_1_117' title='bbox 1043 1356 1164 1437; x_wconf 87' lang='lat' dir='ltr'>pulvere</span> 
     </span>
     <span class='ocr_line' id='line_1_15' title="bbox 148 1446 1165 1527; baseline -0.001 -20"><span class='ocrx_word' id='word_1_118' title='bbox 148 1446 269 1526; x_wconf 89' lang='lat' dir='ltr'>collyria</span> <span class='ocrx_word' id='word_1_119' title='bbox 288 1446 429 1507; x_wconf 85' lang='lat' dir='ltr'>formabis</span> <span class='ocrx_word' id='word_1_120' title='bbox 447 1465 575 1526; x_wconf 88' lang='lat' dir='ltr'>cumque</span> <span class='ocrx_word' id='word_1_121' title='bbox 591 1464 666 1526; x_wconf 90' lang='lat' dir='ltr'>opus</span> <span class='ocrx_word' id='word_1_122' title='bbox 685 1446 829 1527; x_wconf 70' lang='lat' dir='ltr'>fueritin</span> <span class='ocrx_word' id='word_1_123' title='bbox 848 1455 914 1507; x_wconf 90' lang='lat' dir='ltr'>cote</span> <span class='ocrx_word' id='word_1_124' title='bbox 933 1464 969 1506; x_wconf 84' lang='lat' dir='ltr'>ex</span> <span class='ocrx_word' id='word_1_125' title='bbox 984 1453 1069 1507; x_wconf 89' lang='lat' dir='ltr'>aceto</span> <span class='ocrx_word' id='word_1_126' title='bbox 1085 1453 1165 1507; x_wconf 87' lang='lat' dir='ltr'>teres</span> 
     </span>
     <span class='ocr_line' id='line_1_16' title="bbox 148 1533 1196 1616; baseline -0.003 -19"><span class='ocrx_word' id='word_1_127' title='bbox 148 1543 179 1597; x_wconf 91' lang='lat' dir='ltr'>et</span> <span class='ocrx_word' id='word_1_128' title='bbox 197 1537 327 1615; x_wconf 90' lang='lat' dir='ltr'>spissum</span> <span class='ocrx_word' id='word_1_129' title='bbox 346 1538 424 1616; x_wconf 89' lang='lat' dir='ltr'>parti</span> <span class='ocrx_word' id='word_1_130' title='bbox 443 1537 549 1597; x_wconf 85' lang='lat' dir='ltr'>frontis</span> <span class='ocrx_word' id='word_1_131' title='bbox 569 1544 599 1596; x_wconf 91' lang='lat' dir='ltr'>et</span> <span class='ocrx_word' id='word_1_132' title='bbox 618 1543 786 1614; x_wconf 91' lang='lat' dir='ltr'>temporum</span> <span class='ocrx_word' id='word_1_133' title='bbox 801 1553 876 1613; x_wconf 92' lang='lat' dir='ltr'>quae</span> <span class='ocrx_word' id='word_1_134' title='bbox 891 1533 1003 1595; x_wconf 81' lang='lat' dir='ltr'>dolebit</span> <span class='ocrx_word' id='word_1_135' title='bbox 1017 1541 1086 1596; x_wconf 90' lang='lat' dir='ltr'>ante</span> <span class='ocrx_word' id='word_1_136' title='bbox 1102 1534 1196 1595; x_wconf 74' lang='lat' dir='ltr'>dili-1⁵</span> 
     </span>
     <span class='ocr_line' id='line_1_17' title="bbox 97 1622 1165 1703; baseline -0.002 -19"><span class='ocrx_word' id='word_1_137' title='bbox 97 1635 129 1685; x_wconf 78' lang='lat'>11</span> <span class='ocrx_word' id='word_1_138' title='bbox 149 1634 254 1702; x_wconf 90' lang='lat' dir='ltr'>genter</span> <span class='ocrx_word' id='word_1_139' title='bbox 273 1625 408 1685; x_wconf 87' lang='lat' dir='ltr'>detersae</span> <span class='ocrx_word' id='word_1_140' title='bbox 427 1626 601 1703; x_wconf 80' lang='lat' dir='ltr'>frequenter</span> <span class='ocrx_word' id='word_1_141' title='bbox 619 1624 752 1685; x_wconf 88' lang='lat' dir='ltr'>induces.</span> <span class='ocrx_word' id='word_1_142' title='bbox 790 1622 887 1683; x_wconf 87' lang='lat' dir='ltr'>Grana</span> <span class='ocrx_word' id='word_1_143' title='bbox 904 1622 1033 1684; x_wconf 90' lang='lat' dir='ltr'>hederae</span> <span class='ocrx_word' id='word_1_144' title='bbox 1055 1634 1086 1684; x_wconf 89' lang='lat' dir='ltr'>et</span> <span class='ocrx_word' id='word_1_145' title='bbox 1105 1641 1165 1684; x_wconf 87' lang='lat' dir='ltr'>ser-</span> 
     </span>
     <span class='ocr_line' id='line_1_18' title="bbox 149 1711 1165 1791; baseline -0.001 -18"><span class='ocrx_word' id='word_1_146' title='bbox 149 1712 262 1791; x_wconf 94' lang='lat' dir='ltr'>pullum</span> <span class='ocrx_word' id='word_1_147' title='bbox 282 1715 346 1791; x_wconf 92' lang='lat' dir='ltr'>pari</span> <span class='ocrx_word' id='word_1_148' title='bbox 364 1713 496 1790; x_wconf 90' lang='lat' dir='ltr'>pondere</span> <span class='ocrx_word' id='word_1_149' title='bbox 514 1722 593 1773; x_wconf 91' lang='lat' dir='ltr'>teres</span> <span class='ocrx_word' id='word_1_150' title='bbox 613 1730 649 1772; x_wconf 80' lang='lat' dir='ltr'>en</span> <span class='ocrx_word' id='word_1_151' title='bbox 668 1720 752 1773; x_wconf 89' lang='lat' dir='ltr'>aceto</span> <span class='ocrx_word' id='word_1_152' title='bbox 771 1719 801 1772; x_wconf 89' lang='lat' dir='ltr'>et</span> <span class='ocrx_word' id='word_1_153' title='bbox 819 1711 888 1772; x_wconf 87' lang='lat' dir='ltr'>iude</span> <span class='ocrx_word' id='word_1_154' title='bbox 907 1719 1003 1772; x_wconf 92' lang='lat' dir='ltr'>totum</span> <span class='ocrx_word' id='word_1_155' title='bbox 1022 1713 1165 1772; x_wconf 86' lang='lat' dir='ltr'>verticem</span> 
     </span>
     <span class='ocr_line' id='line_1_19' title="bbox 96 1799 1165 1880; baseline -0.001 -19"><span class='ocrx_word' id='word_1_156' title='bbox 96 1812 129 1862; x_wconf 89' lang='lat'>18</span> <span class='ocrx_word' id='word_1_157' title='bbox 149 1800 333 1880; x_wconf 83' lang='lat' dir='ltr'>peririoabis.</span> <span class='ocrx_word' id='word_1_158' title='bbox 375 1800 466 1860; x_wconf 90' lang='lat' dir='ltr'>Bacas</span> <span class='ocrx_word' id='word_1_159' title='bbox 491 1799 566 1860; x_wconf 84' lang='lat' dir='ltr'>lauri</span> <span class='ocrx_word' id='word_1_160' title='bbox 590 1818 624 1860; x_wconf 81' lang='lat' dir='ltr'>ex</span> <span class='ocrx_word' id='word_1_161' title='bbox 647 1812 731 1861; x_wconf 86' lang='lat' dir='ltr'>aceto</span> <span class='ocrx_word' id='word_1_162' title='bbox 750 1803 835 1861; x_wconf 86' lang='lat' dir='ltr'>tritas</span> <span class='ocrx_word' id='word_1_163' title='bbox 855 1800 969 1861; x_wconf 89' lang='lat' dir='ltr'>adiecto</span> <span class='ocrx_word' id='word_1_164' title='bbox 988 1799 1055 1861; x_wconf 91' lang='lat' dir='ltr'>oleo</span> <span class='ocrx_word' id='word_1_165' title='bbox 1075 1801 1165 1861; x_wconf 81' lang='lat' dir='ltr'>fronti</span> 
     </span>
     <span class='ocr_line' id='line_1_20' title="bbox 97 1887 1165 1968; baseline -0.002 -18"><span class='ocrx_word' id='word_1_166' title='bbox 97 1901 129 1951; x_wconf 78' lang='lat'>19</span> <span class='ocrx_word' id='word_1_167' title='bbox 149 1892 274 1968; x_wconf 88' lang='lat' dir='ltr'>inpones</span> <span class='ocrx_word' id='word_1_168' title='bbox 293 1888 449 1948; x_wconf 87' lang='lat' dir='ltr'>adversum</span> <span class='ocrx_word' id='word_1_169' title='bbox 470 1890 648 1949; x_wconf 90' lang='lat' dir='ltr'>eterocranii</span> <span class='ocrx_word' id='word_1_170' title='bbox 666 1889 824 1950; x_wconf 87' lang='lat' dir='ltr'>molestias.</span> <span class='ocrx_word' id='word_1_171' title='bbox 859 1888 1054 1950; x_wconf 87' lang='lat' dir='ltr'>Peucedanus</span> <span class='ocrx_word' id='word_1_172' title='bbox 1073 1887 1165 1950; x_wconf 91' lang='lat' dir='ltr'>herba</span> 
     </span>
     <span class='ocr_line' id='line_1_21' title="bbox 149 1975 1198 2038; baseline 0.001 -1"><span class='ocrx_word' id='word_1_173' title='bbox 149 1979 219 2037; x_wconf 87' lang='lat' dir='ltr'>trita</span> <span class='ocrx_word' id='word_1_174' title='bbox 243 1995 279 2036; x_wconf 82' lang='lat' dir='ltr'>ex</span> <span class='ocrx_word' id='word_1_175' title='bbox 303 1983 387 2036; x_wconf 87' lang='lat' dir='ltr'>aceto</span> <span class='ocrx_word' id='word_1_176' title='bbox 406 1983 437 2036; x_wconf 90' lang='lat' dir='ltr'>et</span> <span class='ocrx_word' id='word_1_177' title='bbox 455 1975 520 2036; x_wconf 91' lang='lat' dir='ltr'>oleo</span> <span class='ocrx_word' id='word_1_178' title='bbox 539 1977 631 2038; x_wconf 89' lang='lat' dir='ltr'>ironti</span> <span class='ocrx_word' id='word_1_179' title='bbox 648 1976 732 2038; x_wconf 89' lang='lat' dir='ltr'>inlita</span> <span class='ocrx_word' id='word_1_180' title='bbox 751 1979 935 2038; x_wconf 86' lang='lat' dir='ltr'>eterocrania</span> <span class='ocrx_word' id='word_1_181' title='bbox 954 1979 1054 2037; x_wconf 85' lang='lat' dir='ltr'>statim</span> <span class='ocrx_word' id='word_1_182' title='bbox 1074 1977 1164 2038; x_wconf 86' lang='lat' dir='ltr'>sedat</span> <span class='ocrx_word' id='word_1_183' title='bbox 1177 1989 1198 2030; x_wconf 61' lang='grc' dir='ltr'><strong>ὀ</strong></span> 
     </span>
     <span class='ocr_line' id='line_1_22' title="bbox 95 2063 1165 2145; baseline 0.001 -20"><span class='ocrx_word' id='word_1_184' title='bbox 95 2078 131 2127; x_wconf 78' lang='lat'>20</span> <span class='ocrx_word' id='word_1_185' title='bbox 150 2063 249 2124; x_wconf 87' lang='lat' dir='ltr'>llerba</span> <span class='ocrx_word' id='word_1_186' title='bbox 273 2064 319 2124; x_wconf 87' lang='lat' dir='ltr'>vel</span> <span class='ocrx_word' id='word_1_187' title='bbox 342 2064 452 2124; x_wconf 79' lang='lat' dir='ltr'>beders</span> <span class='ocrx_word' id='word_1_188' title='bbox 475 2066 506 2124; x_wconf 92' lang='lat' dir='ltr'>iu</span> <span class='ocrx_word' id='word_1_189' title='bbox 530 2067 626 2145; x_wconf 88' lang='lat' dir='ltr'>capite</span> <span class='ocrx_word' id='word_1_190' title='bbox 653 2074 766 2126; x_wconf 87' lang='lat' dir='ltr'>statuae</span> <span class='ocrx_word' id='word_1_191' title='bbox 790 2065 951 2126; x_wconf 89' lang='lat' dir='ltr'>cuiuslibet</span> <span class='ocrx_word' id='word_1_192' title='bbox 971 2067 1055 2126; x_wconf 87' lang='lat' dir='ltr'>nasci</span> <span class='ocrx_word' id='word_1_193' title='bbox 1078 2066 1165 2127; x_wconf 91' lang='lat' dir='ltr'>solet:</span> 
     </span>
     <span class='ocr_line' id='line_1_23' title="bbox 150 2152 1165 2234; baseline -0.001 -20"><span class='ocrx_word' id='word_1_194' title='bbox 150 2171 183 2214; x_wconf 92' lang='lat' dir='ltr'>ea</span> <span class='ocrx_word' id='word_1_195' title='bbox 207 2155 232 2213; x_wconf 93' lang='lat' dir='ltr'>si</span> <span class='ocrx_word' id='word_1_196' title='bbox 255 2154 286 2213; x_wconf 94' lang='lat' dir='ltr'>in</span> <span class='ocrx_word' id='word_1_197' title='bbox 304 2170 402 2231; x_wconf 88' lang='lat' dir='ltr'>panno</span> <span class='ocrx_word' id='word_1_198' title='bbox 421 2153 488 2213; x_wconf 87' lang='lat' dir='ltr'>rulo</span> <span class='ocrx_word' id='word_1_199' title='bbox 507 2156 569 2214; x_wconf 91' lang='lat' dir='ltr'>acia</span> <span class='ocrx_word' id='word_1_200' title='bbox 589 2155 654 2215; x_wconf 84' lang='lat' dir='ltr'>ruia</span> <span class='ocrx_word' id='word_1_201' title='bbox 673 2153 719 2214; x_wconf 90' lang='lat' dir='ltr'>vel</span> <span class='ocrx_word' id='word_1_202' title='bbox 738 2155 797 2214; x_wconf 92' lang='lat' dir='ltr'>lino</span> <span class='ocrx_word' id='word_1_203' title='bbox 817 2155 884 2214; x_wconf 91' lang='lat' dir='ltr'>rulo</span> <span class='ocrx_word' id='word_1_204' title='bbox 903 2154 992 2233; x_wconf 89' lang='lat' dir='ltr'>ligata</span> <span class='ocrx_word' id='word_1_205' title='bbox 1011 2156 1103 2234; x_wconf 89' lang='lat' dir='ltr'>capiti</span> <span class='ocrx_word' id='word_1_206' title='bbox 1121 2152 1165 2214; x_wconf 86' lang='lat' dir='ltr'>vel</span> 
     </span>
     <span class='ocr_line' id='line_1_24' title="bbox 150 2240 1166 2323; baseline 0 -21"><span class='ocrx_word' id='word_1_207' title='bbox 150 2240 335 2320; x_wconf 90' lang='lat' dir='ltr'>temporibus</span> <span class='ocrx_word' id='word_1_208' title='bbox 354 2240 498 2323; x_wconf 86' lang='lat' dir='ltr'>alligetur,</span> <span class='ocrx_word' id='word_1_209' title='bbox 517 2245 627 2304; x_wconf 92' lang='lat' dir='ltr'>mirum</span> <span class='ocrx_word' id='word_1_210' title='bbox 646 2243 811 2303; x_wconf 89' lang='lat' dir='ltr'>remedium</span> <span class='ocrx_word' id='word_1_211' title='bbox 830 2244 990 2304; x_wconf 88' lang='lat' dir='ltr'>emicranio</span> <span class='ocrx_word' id='word_1_212' title='bbox 1005 2242 1052 2304; x_wconf 88' lang='lat' dir='ltr'>vel</span> <span class='ocrx_word' id='word_1_213' title='bbox 1071 2252 1166 2304; x_wconf 87' lang='lat' dir='ltr'>etero-</span> 
     </span>
     <span class='ocr_line' id='line_1_25' title="bbox 97 2329 1164 2411; baseline -0.002 -19"><span class='ocrx_word' id='word_1_214' title='bbox 97 2331 260 2392; x_wconf 77' lang='lat' dir='ltr'>morantis</span> <span class='ocrx_word' id='word_1_215' title='bbox 288 2329 458 2408; x_wconf 88' lang='lat' dir='ltr'>praestabit.</span> <span class='ocrx_word' id='word_1_216' title='bbox 503 2331 615 2392; x_wconf 86' lang='lat' dir='ltr'>Novem</span> <span class='ocrx_word' id='word_1_217' title='bbox 643 2349 732 2411; x_wconf 89' lang='lat' dir='ltr'>grana</span> <span class='ocrx_word' id='word_1_218' title='bbox 760 2333 874 2410; x_wconf 91' lang='lat' dir='ltr'>piperis</span> <span class='ocrx_word' id='word_1_219' title='bbox 901 2334 933 2392; x_wconf 91' lang='lat' dir='ltr'>in</span> <span class='ocrx_word' id='word_1_220' title='bbox 962 2334 1030 2393; x_wconf 85' lang='lat' dir='ltr'>vino</span> <span class='ocrx_word' id='word_1_221' title='bbox 1055 2335 1164 2411; x_wconf 91' lang='lat' dir='ltr'>optimo</span> 
     </span>
     <span class='ocr_line' id='line_1_26' title="bbox 150 2419 1198 2499; baseline -0.005 -20"><span class='ocrx_word' id='word_1_222' title='bbox 150 2426 231 2479; x_wconf 89' lang='lat' dir='ltr'>teres</span> <span class='ocrx_word' id='word_1_223' title='bbox 255 2426 342 2496; x_wconf 88' lang='lat' dir='ltr'>atque</span> <span class='ocrx_word' id='word_1_224' title='bbox 367 2436 456 2478; x_wconf 87' lang='lat' dir='ltr'>exeo</span> <span class='ocrx_word' id='word_1_225' title='bbox 477 2419 606 2480; x_wconf 82' lang='lat' dir='ltr'>frontem</span> <span class='ocrx_word' id='word_1_226' title='bbox 629 2429 659 2481; x_wconf 91' lang='lat' dir='ltr'>et</span> <span class='ocrx_word' id='word_1_227' title='bbox 681 2428 815 2499; x_wconf 85' lang='lat' dir='ltr'>tempora</span> <span class='ocrx_word' id='word_1_228' title='bbox 838 2419 946 2480; x_wconf 91' lang='lat' dir='ltr'>inlines</span> <span class='ocrx_word' id='word_1_229' title='bbox 968 2421 1000 2480; x_wconf 91' lang='lat' dir='ltr'>in</span> <span class='ocrx_word' id='word_1_230' title='bbox 1024 2439 1058 2481; x_wconf 90' lang='lat' dir='ltr'>ea</span> <span class='ocrx_word' id='word_1_231' title='bbox 1082 2428 1198 2499; x_wconf 79' lang='lat' dir='ltr'>partes</span> 
     </span>
     <span class='ocr_line' id='line_1_27' title="bbox 98 2507 1166 2586; baseline -0.001 -17"><span class='ocrx_word' id='word_1_232' title='bbox 98 2520 131 2569; x_wconf 75' lang='lat'>22</span> <span class='ocrx_word' id='word_1_233' title='bbox 152 2508 266 2586; x_wconf 81' lang='lat' dir='ltr'>capitis,</span> <span class='ocrx_word' id='word_1_234' title='bbox 290 2525 364 2585; x_wconf 83' lang='lat' dir='ltr'>quae</span> <span class='ocrx_word' id='word_1_235' title='bbox 389 2507 424 2566; x_wconf 94' lang='lat' dir='ltr'>de</span> <span class='ocrx_word' id='word_1_236' title='bbox 444 2510 606 2569; x_wconf 89' lang='lat' dir='ltr'>emicranio</span> <span class='ocrx_word' id='word_1_237' title='bbox 625 2508 744 2569; x_wconf 87' lang='lat' dir='ltr'>dolebit.</span> <span class='ocrx_word' id='word_1_238' title='bbox 787 2507 898 2568; x_wconf 89' lang='lat' dir='ltr'>Sucum</span> <span class='ocrx_word' id='word_1_239' title='bbox 920 2507 1032 2569; x_wconf 90' lang='lat' dir='ltr'>dealio</span> <span class='ocrx_word' id='word_1_240' title='bbox 1052 2511 1166 2569; x_wconf 90' lang='lat' dir='ltr'>ineam</span> 
     </span>
     <span class='ocr_line' id='line_1_28' title="bbox 152 2596 1121 2677; baseline 0.005 -23"><span class='ocrx_word' id='word_1_241' title='bbox 152 2613 263 2676; x_wconf 87' lang='lat' dir='ltr'>aurem,</span> <span class='ocrx_word' id='word_1_242' title='bbox 287 2613 322 2655; x_wconf 82' lang='lat' dir='ltr'>ex</span> <span class='ocrx_word' id='word_1_243' title='bbox 347 2598 432 2656; x_wconf 91' lang='lat' dir='ltr'>cuius</span> <span class='ocrx_word' id='word_1_244' title='bbox 456 2605 540 2676; x_wconf 87' lang='lat' dir='ltr'>parte</span> <span class='ocrx_word' id='word_1_245' title='bbox 564 2596 650 2658; x_wconf 87' lang='lat' dir='ltr'>dolor</span> <span class='ocrx_word' id='word_1_246' title='bbox 673 2598 827 2658; x_wconf 88' lang='lat' dir='ltr'>emicranii</span> <span class='ocrx_word' id='word_1_247' title='bbox 850 2597 948 2677; x_wconf 72' lang='lat' dir='ltr'>luerit,</span> <span class='ocrx_word' id='word_1_248' title='bbox 971 2597 1121 2659; x_wconf 86' lang='lat' dir='ltr'>infundes.</span> 
     </span>
    </p>
   </div>
   <div class='ocr_carea' id='block_1_3' title="bbox 583 2737 733 2799">
    <p class='ocr_par' dir='ltr' id='par_1_3' title="bbox 583 2737 733 2799">
     <span class='ocr_line' id='line_1_29' title="bbox 583 2737 733 2799; baseline -0.013 0"><span class='ocrx_word' id='word_1_249' title='bbox 583 2737 661 2799; x_wconf 78' lang='lat' dir='ltr'><strong>CAP.</strong></span> <span class='ocrx_word' id='word_1_250' title='bbox 685 2737 733 2798; x_wconf 92' lang='lat' dir='ltr'>lll.</span> 
     </span>
    </p>
   </div>
   <div class='ocr_carea' id='block_1_4' title="bbox 444 2850 875 2920">
    <p class='ocr_par' dir='ltr' id='par_1_4' title="bbox 444 2850 875 2920">
     <span class='ocr_line' id='line_1_30' title="bbox 444 2850 875 2920; baseline 0.002 -13"><span class='ocrx_word' id='word_1_251' title='bbox 444 2852 498 2907; x_wconf 83' lang='lat' dir='ltr'>Ad</span> <span class='ocrx_word' id='word_1_252' title='bbox 521 2850 723 2918; x_wconf 82' lang='lat' dir='ltr'>vertiginem</span> <span class='ocrx_word' id='word_1_253' title='bbox 746 2850 875 2920; x_wconf 82' lang='lat' dir='ltr'>capitis.</span> 
     </span>
    </p>
   </div>
   <div class='ocr_carea' id='block_1_5' title="bbox 118 2951 1204 3297">
    <p class='ocr_par' dir='ltr' id='par_1_5' title="bbox 241 2951 1168 3033">
     <span class='ocr_line' id='line_1_31' title="bbox 241 2951 1168 3033; baseline 0.002 -22"><span class='ocrx_word' id='word_1_254' title='bbox 241 2951 285 3012; x_wconf 81' lang='lat' dir='ltr'>Ad</span> <span class='ocrx_word' id='word_1_255' title='bbox 309 2954 485 3032; x_wconf 87' lang='lat' dir='ltr'>vertiginem</span> <span class='ocrx_word' id='word_1_256' title='bbox 510 2955 627 3033; x_wconf 87' lang='lat' dir='ltr'>capitis,</span> <span class='ocrx_word' id='word_1_257' title='bbox 651 2970 738 3031; x_wconf 91' lang='lat' dir='ltr'>quam</span> <span class='ocrx_word' id='word_1_258' title='bbox 763 2951 868 3012; x_wconf 87' lang='lat' dir='ltr'>Graeci</span> <span class='ocrx_word' id='word_1_259' title='bbox 891 2959 1023 3012; x_wconf 87' lang='lat' dir='ltr'>scotoma</span> <span class='ocrx_word' id='word_1_260' title='bbox 1049 2960 1168 3013; x_wconf 88' lang='lat' dir='ltr'>vocant:</span> 
     </span>
    </p>

    <p class='ocr_par' dir='ltr' id='par_1_6' title="bbox 118 3038 1204 3207">
     <span class='ocr_line' id='line_1_32' title="bbox 118 3038 1169 3122; baseline 0 -22"><span class='ocrx_word' id='word_1_261' title='bbox 118 3051 131 3100; x_wconf 92' lang='lat'>1</span> <span class='ocrx_word' id='word_1_262' title='bbox 152 3038 320 3100; x_wconf 89' lang='lat' dir='ltr'>Peucedani</span> <span class='ocrx_word' id='word_1_263' title='bbox 339 3041 414 3120; x_wconf 79' lang='lat' dir='ltr'>llll,</span> <span class='ocrx_word' id='word_1_264' title='bbox 433 3043 560 3102; x_wconf 88' lang='lat' dir='ltr'>castorei</span> <span class='ocrx_word' id='word_1_265' title='bbox 580 3040 641 3122; x_wconf 84' lang='lat' dir='ltr'>lll,</span> <span class='ocrx_word' id='word_1_266' title='bbox 665 3041 833 3121; x_wconf 90' lang='lat' dir='ltr'>sphondylii</span> <span class='ocrx_word' id='word_1_267' title='bbox 852 3038 919 3122; x_wconf 65' lang='grc' dir='ltr'>ΞΗ,Ι</span> <span class='ocrx_word' id='word_1_268' title='bbox 932 3039 1075 3101; x_wconf 91' lang='lat' dir='ltr'>bacarum</span> <span class='ocrx_word' id='word_1_269' title='bbox 1092 3040 1169 3102; x_wconf 90' lang='lat' dir='ltr'>lauri</span> 
     </span>
     <span class='ocr_line' id='line_1_33' title="bbox 151 3128 1204 3207; baseline 0.004 -21"><span class='ocrx_word' id='word_1_270' title='bbox 151 3135 344 3205; x_wconf 87' lang='lat' dir='ltr'>purgatarum</span> <span class='ocrx_word' id='word_1_271' title='bbox 363 3128 423 3189; x_wconf 80' lang='lat' dir='ltr'>lll.</span> <span class='ocrx_word' id='word_1_272' title='bbox 459 3130 607 3191; x_wconf 89' lang='lat' dir='ltr'>Terentur</span> <span class='ocrx_word' id='word_1_273' title='bbox 625 3130 699 3190; x_wconf 88' lang='lat' dir='ltr'>haec</span> <span class='ocrx_word' id='word_1_274' title='bbox 719 3131 816 3189; x_wconf 84' lang='lat' dir='ltr'>omnia</span> <span class='ocrx_word' id='word_1_275' title='bbox 836 3129 994 3207; x_wconf 87' lang='lat' dir='ltr'>diligenter</span> <span class='ocrx_word' id='word_1_276' title='bbox 1012 3136 1043 3189; x_wconf 89' lang='lat' dir='ltr'>et</span> <span class='ocrx_word' id='word_1_277' title='bbox 1067 3148 1104 3190; x_wconf 87' lang='lat' dir='ltr'>ex</span> <span class='ocrx_word' id='word_1_278' title='bbox 1123 3129 1170 3190; x_wconf 92' lang='lat' dir='ltr'>his</span> <span class='ocrx_word' id='word_1_279' title='bbox 1182 3142 1204 3183; x_wconf 74' lang='lat'>³⁰</span> 
     </span>
    </p>

    <p class='ocr_par' dir='ltr' id='par_1_7' title="bbox 152 3217 1171 3297">
     <span class='ocr_line' id='line_1_34' title="bbox 152 3217 1171 3297; baseline 0.006 -24"><span class='ocrx_word' id='word_1_280' title='bbox 152 3223 337 3294; x_wconf 92' lang='lat' dir='ltr'>conponetur</span> <span class='ocrx_word' id='word_1_281' title='bbox 361 3217 622 3297; x_wconf 82' lang='lat' dir='ltr'>medicamentum3</span> <span class='ocrx_word' id='word_1_282' title='bbox 647 3218 725 3295; x_wconf 91' lang='lat' dir='ltr'>quod</span> <span class='ocrx_word' id='word_1_283' title='bbox 749 3236 817 3278; x_wconf 87' lang='lat' dir='ltr'>cum</span> <span class='ocrx_word' id='word_1_284' title='bbox 841 3236 916 3296; x_wconf 94' lang='lat' dir='ltr'>opus</span> <span class='ocrx_word' id='word_1_285' title='bbox 936 3219 1002 3295; x_wconf 90' lang='lat' dir='ltr'>erit,</span> <span class='ocrx_word' id='word_1_286' title='bbox 1025 3217 1171 3279; x_wconf 89' lang='lat' dir='ltr'>admisce·</span> 
     </span>
    </p>
   </div>
   <div class='ocr_carea' id='block_1_6' title="bbox 152 3348 1172 3564">
    <p class='ocr_par' dir='ltr' id='par_1_8' title="bbox 152 3348 1172 3564">
     <span class='ocr_line' id='line_1_35' title="bbox 222 3348 1172 3409; baseline 0.006 -6"><span class='ocrx_word' id='word_1_287' title='bbox 222 3356 237 3403; x_wconf 81' lang='lat'>2</span> <span class='ocrx_word' id='word_1_288' title='bbox 257 3348 402 3404; x_wconf 84' lang='lat' dir='ltr'>incederit.</span> <span class='ocrx_word' id='word_1_289' title='bbox 492 3350 699 3406; x_wconf 81' lang='lat' dir='ltr'>Aeborocranis.</span> <span class='ocrx_word' id='word_1_290' title='bbox 789 3357 807 3407; x_wconf 83' lang='lat'>4</span> <span class='ocrx_word' id='word_1_291' title='bbox 831 3351 939 3407; x_wconf 83' lang='lat' dir='ltr'>aloidis.</span> <span class='ocrx_word' id='word_1_292' title='bbox 1033 3358 1048 3408; x_wconf 84' lang='lat' dir='ltr'>‘t</span> <span class='ocrx_word' id='word_1_293' title='bbox 1072 3352 1172 3409; x_wconf 73' lang='lat' dir='ltr'>fronti.</span> 
     </span>
     <span class='ocr_line' id='line_1_36' title="bbox 152 3418 1172 3488; baseline 0.007 -16"><span class='ocrx_word' id='word_1_294' title='bbox 152 3424 184 3472; x_wconf 89' lang='lat'>11</span> <span class='ocrx_word' id='word_1_295' title='bbox 213 3418 369 3488; x_wconf 84' lang='lat' dir='ltr'>piooedani.</span> <span class='ocrx_word' id='word_1_296' title='bbox 472 3427 504 3474; x_wconf 86' lang='lat'>13</span> <span class='ocrx_word' id='word_1_297' title='bbox 533 3421 661 3476; x_wconf 82' lang='lat' dir='ltr'>conteris.</span> <span class='ocrx_word' id='word_1_298' title='bbox 761 3429 795 3477; x_wconf 85' lang='lat'>14</span> <span class='ocrx_word' id='word_1_299' title='bbox 823 3426 895 3479; x_wconf 85' lang='lat' dir='ltr'>cute.</span> <span class='ocrx_word' id='word_1_300' title='bbox 998 3429 1031 3478; x_wconf 81' lang='lat'>16</span> <span class='ocrx_word' id='word_1_301' title='bbox 1060 3424 1172 3480; x_wconf 80' lang='lat' dir='ltr'>ederae.</span> 
     </span>
     <span class='ocr_line' id='line_1_37' title="bbox 152 3491 945 3564; baseline 0.011 -22"><span class='ocrx_word' id='word_1_302' title='bbox 152 3493 185 3543; x_wconf 83' lang='lat'>19</span> <span class='ocrx_word' id='word_1_303' title='bbox 205 3491 383 3561; x_wconf 77' lang='lat' dir='ltr'>eberogranii.</span> <span class='ocrx_word' id='word_1_304' title='bbox 457 3497 490 3547; x_wconf 78' lang='grc'>23</span> <span class='ocrx_word' id='word_1_305' title='bbox 511 3492 673 3562; x_wconf 86' lang='lat' dir='ltr'>erograniis.</span> <span class='ocrx_word' id='word_1_306' title='bbox 745 3500 778 3548; x_wconf 81' lang='lat'>26</span> <span class='ocrx_word' id='word_1_307' title='bbox 798 3493 945 3564; x_wconf 85' lang='lat' dir='ltr'>migranio.</span> 
     </span>
    </p>
   </div>
   <div class='ocr_carea' id='block_1_7' title="bbox 0 0 1222 3878">
    <p class='ocr_par' dir='ltr' id='par_1_9' title="bbox 0 0 1222 3878">
     <span class='ocr_line' id='line_1_38' title="bbox 0 0 1222 3878; baseline 0 0"><span class='ocrx_word' id='word_1_308' title='bbox 0 0 1222 3878; x_wconf 95' lang='lat' dir='ltr'> </span> 
     </span>
    </p>
   </div>
  </div>
 </body>
</html>
