2422 3878
546 102 759 166 ,84-

149 265 370 345 liberabuntur,
399 265 519 343 quidam
548 267 636 324 etiam
663 263 819 323 adfirmant
847 264 1090 324 efficacissimum
1117 283 1158 325 re·

148 354 280 414 medium
304 371 369 413 esse
393 353 428 413 ad
453 353 632 431 detergenda
656 351 848 432 glaucomata,
872 354 898 412 si
921 352 1027 414 catello
1048 352 1159 414 dierum
1205 392 1207 433 3

150 451 263 521 septem
287 449 376 520 caput
399 444 509 502 viventi
533 441 703 501 diffindatur
732 447 762 500 et
785 439 821 499 de
845 440 949 501 dextra
972 450 1058 520 parte
1083 460 1159 503 cere

150 530 198 590 bri
221 529 325 591 oculus
349 531 466 607 dexter,
494 531 530 590 de
560 532 679 589 sinistra
709 530 829 589 sinister
861 530 987 591 intincto
1012 529 1075 592 illic
1099 549 1158 609 spe·
1205 538 1207 547 '

98 619 221 680 143cillo
240 621 410 697 inungatur.
453 619 492 679 Ut
516 619 679 679 leucomata
703 625 733 677 et
752 616 919 695 albuginem
940 621 1077 697 quamvis
1095 619 1179 682 deo-t

150 727 212 768 sam
236 727 272 767 ex
295 707 380 767 oculo
400 708 563 786 detergeas,
583 715 681 767 turam
700 714 730 766 et
748 713 886 766 anturam
904 706 1014 767 herbas
1034 709 1159 768 virentes

150 797 328 856 nitidissime
352 796 491 856 collectas
514 795 679 856 contundes
709 801 738 854 et
766 813 820 873 per
847 795 972 855 linteum
1002 804 1093 857 tenue
1117 815 1159 858 su·

98 897 225 946 144cum
245 903 347 945 earum
366 887 499 963 exprime
523 903 618 962 eoque
642 883 745 943 oculos
770 886 888 961 inunge.
929 883 1109 945 Leucomata
1131 893 1160 946 ut

151 981 293 1034 extenues
317 980 347 1032 et
371 973 529 1053 discutias,
552 982 638 1033 utere
662 972 870 1052 medicamine,
901 973 979 1050 quod
1004 975 1159 1035 conficitur

152 1065 208 1123 sio:
245 1061 375 1121 Pumicis
400 1061 548 1122 combusti
571 1063 635 1121 triti
659 1053 812 1146 pxiiii,
841 1060 1008 1121 chalcitidis
1033 1055 1074 1148 ᾖ
1094 1060 1159 1140 VIll,
1171 1081 1188 1120 u

151 1152 279 1229 gummis
304 1142 416 1235 211ss
440 1160 470 1211 et
493 1151 605 1228 sinapis
628 1149 783 1228 pusillum,
807 1156 841 1209 ut
864 1149 1017 1229 toleretur,
1041 1151 1159 1230 adicies3

151 1239 224 1299 haec
252 1242 349 1299 omnia
383 1241 413 1298 in
445 1241 653 1300 tenuissimum
683 1236 835 1316 pulverem
864 1238 983 1298 redacta
1010 1241 1043 1299 in
1075 1257 1161 1301 unum

152 1329 299 1406 permisce
324 1336 353 1388 et
377 1346 413 1387 ex
432 1347 507 1406 aqua
531 1328 650 1388 lontana
671 1327 759 1386 facito
779 1325 899 1406 collyria
918 1330 1080 1409 crassiora3
1104 1330 1160 1407 qui-

151 1416 208 1477 bus
238 1419 280 1476 sic
309 1419 417 1497 uteris,
445 1425 479 1477 ut
506 1416 709 1477 circumdetur
736 1414 834 1475 tribus
857 1415 991 1494 partibus
1015 1435 1086 1476 cera
1109 1416 1160 1478 col-

152 1505 272 1584 lyrium,
300 1504 351 1565 sed
376 1514 542 1566 extremum
566 1503 680 1583 collyrii
704 1505 743 1563 sit
765 1503 828 1563 leve
852 1511 1008 1585 acteone,
1032 1507 1113 1584 quod
1134 1508 1189 1565 ino

152 1597 250 1673 ipsum
279 1593 411 1654 leucoma
440 1596 565 1672 inponas
594 1601 624 1652 et
650 1591 720 1652 iube
748 1591 868 1652 oculum
896 1592 1046 1671 adaperiri
1074 1594 1161 1674 pauli-

153 1701 231 1764 sper,
250 1701 288 1742 ne
313 1682 429 1742 excidat
448 1681 616 1760 collyrium,
636 1680 714 1759 quod
735 1682 761 1740 si
780 1681 932 1762 exciderit,
951 1684 1062 1743 iterum
1082 1701 1160 1763 repo·

153 1780 250 1851 natur,
269 1771 427 1849 posthaec
446 1772 557 1848 inunge
572 1769 692 1829 oculum
707 1769 767 1829 leni
781 1768 912 1850 collyrio,
931 1773 1032 1831 statim
1051 1775 1161 1833 emittet

153 1862 238 1939 quasi
261 1877 422 1938 squamam.
458 1858 490 1917 Si
514 1876 584 1935 ergo
607 1876 748 1936 magnum
770 1857 904 1918 leucoma
928 1858 1019 1919 suerit
1038 1867 1069 1920 et
1088 1878 1160 1921 cras·

154 1967 229 2027 surn,
252 1949 293 2007 ita
316 1946 448 2008 curabis:
473 1948 519 2005 sin
543 1953 641 2006 autem
665 1954 764 2026 tenue,
787 1965 857 2007 cum
879 1949 1050 2025 inposueris
1074 1949 1188 2009 medi-n

153 2055 265 2115 carnen,
289 2037 434 2095 maturIus
459 2035 557 2115 tolles3
581 2043 683 2113 postea
706 2053 776 2095 vero
799 2043 885 2095 utere
904 2035 940 2095 ad
960 2038 1160 2099 inunctionem

153 2123 283 2202 collyrio,
304 2124 381 2201 quod
398 2123 509 2184 Graeco
529 2122 670 2184 vocabulo
691 2123 834 2202 diacopon
854 2123 1033 2207 appellatur,
1056 2129 1161 2187 etenim

154 2212 230 2291 apud
260 2213 391 2272 medicos
418 2211 475 2273 hoc
503 2212 618 2291 collyrii
645 2230 739 2289 genus
766 2231 902 2290 magnam
929 2212 1020 2274 habet
1044 2215 1162 2276 effectus

103 2303 207 2360 145sui
230 2300 411 2377 dIgnitatem.
448 2301 589 2361 Turturis
612 2301 699 2360 limus
724 2301 757 2360 ad
783 2320 927 2361 summam
946 2301 1098 2365 levitatem
1117 2305 1162 2364 tri-

154 2397 202 2450 tus
231 2398 261 2448 ot
289 2408 357 2449 cum
380 2390 467 2449 melle
490 2390 587 2450 Attico
611 2398 662 2449 aut
685 2392 774 2449 etiam
797 2389 919 2450 alterius
942 2394 1063 2468 generis
1086 2393 1191 2453 dum-u

154 2476 242 2537 modo
266 2480 378 2556 optimo
402 2486 432 2538 et
455 2479 629 2557 despumato
652 2479 794 2538 inunctus
822 2477 988 2539 leucomata
1012 2481 1164 2542 oculorum

102 2577 153 2627 146
161 2575 298 2644 potenter
317 2575 465 2628 extenuat.
497 2566 571 2628 Galli
589 2566 743 2644 gallinacei
761 2569 887 2626 maxime
907 2567 964 2627 albi
984 2568 1024 2628 fel
1044 2588 1080 2630 ex
1095 2587 1165 2649 aqua

155 2655 282 2716 dilutum
311 2664 340 2716 et
368 2658 534 2717 inunctioni
564 2655 729 2715 adhibitum
757 2656 921 2716 leucomata
951 2655 1111 2719 oculorum
1140 2665 1165 2719 et

102 2746 322 2825 ttaypochyses
351 2753 434 2805 sanat
467 2754 496 2805 et
528 2746 620 2804 aciem
652 2742 798 2804 luminum
831 2745 993 2804 confirmat.
1046 2746 1166 2809 Stercus

155 2853 273 2912 qrroque
293 2834 486 2913 gallinaceum
507 2832 605 2892 album
625 2851 693 2893 cum
717 2832 781 2892 oleo
803 2842 903 2893 vetere
923 2835 1101 2895 tenuissime
1120 2837 1194 2896 tri-u

103 2931 223 2983 148turn
243 2933 272 2983 et
291 2924 459 3002 adpositum
483 2921 562 2981 idem
587 2921 680 2981 occulis
699 2921 825 2981 remedii
842 2929 982 2999 praestat.
1014 2922 1068 2984 Fel
1087 2923 1168 2985 vituli

156 3010 314 3088 diligenter
342 3011 500 3072 collectum
528 3010 564 3069 ad
590 3010 702 3089 cotylae
726 3027 896 3070 mensuram
919 3013 950 3070 in
973 3021 1025 3071 vas
1049 3031 1168 3074 aereum

156 3100 285 3158 mittitur
313 3101 455 3178 tenuique
484 3100 552 3177 igne
581 3099 697 3159 admoto
721 3101 761 3158 ita
785 3101 976 3180 excoquitur,
1004 3107 1038 3160 ut
1063 3104 1168 3181 spisse-

157 3194 220 3266 tur,
248 3186 354 3245 deinde
382 3186 479 3246 mellis
507 3187 577 3246 boni
604 3195 719 3247 tantum
746 3189 888 3268 mittitur,
921 3197 1067 3267 quantum
1094 3190 1170 3250 fellis

156 3273 235 3335 illius
264 3274 380 3334 decocti
407 3277 597 3354 remanserit,
630 3274 800 3336 adiciuntur
833 3284 936 3355 postea
968 3295 1086 3357 myrrae
1119 3281 1199 3347 tri-u

158 3373 203 3422 tae
219 3363 374 3423 drachmae
390 3362 465 3422 duae
486 3370 515 3422 et
531 3364 609 3422 oroci
630 3381 688 3422 una
708 3371 738 3424 et
756 3367 833 3425 aeris
852 3364 934 3425 lloris
954 3367 1118 3445 pauxillum
1137 3386 1169 3427 ac

157 3461 258 3512 oostea
282 3450 370 3511 simrd
393 3452 491 3511 omnia
515 3450 566 3512 dIu
589 3453 733 3530 coagitata
756 3453 792 3513 ad
819 3456 923 3515 tertias
946 3454 1169 3536 decoquuntur,
