2422 3878
534 132 755 197 ..48-

139 298 248 357 missus
271 297 302 355 iu
326 312 432 374 aquam
455 293 578 354 naribus
602 292 749 374 trahatur,
773 311 891 354 omnem
912 311 927 352 a
948 294 1043 370 capite
1063 293 1155 371 pitui-

103 397 119 446 6
140 393 200 444 tam
224 384 353 444 detrahit
376 384 459 442 mire.
495 382 581 443 Creta
606 381 727 442 Cimolia
751 400 786 441 ex
810 389 893 442 aceto
917 384 1040 441 tritaet
1064 399 1154 460 quam

103 486 118 535 ‘t
141 473 317 532 densissime
341 472 433 531 fronti
455 472 583 548 inposita
606 473 742 548 pituitam
767 472 854 530 sistit.
895 469 1058 530 Mastichen
1083 487 1154 530 oum

138 563 242 640 pipere
271 562 323 639 qui
346 560 397 620 diu
421 559 722 639 commanducaverit,
751 559 892 619 calefacto
917 557 1040 619 cerebro
1069 576 1153 618 umo-

101 662 201 712 8rem
229 651 353 728 pituitae
381 646 503 708 naribus
529 647 662 707 effundit.
711 649 753 708 Ad
783 655 931 708 catarrum
960 649 1022 707 sive
1052 646 1176 707 destilo

138 739 277 799 lationem
292 738 406 797 umoris
420 754 455 796 ex
471 738 580 814 capite:
600 735 689 795 ‘luris
706 729 745 822 21
762 754 862 818 tinum,
877 738 990 814 piperis
1006 729 1045 822 9«
1060 753 1153 796 uuum

139 835 277 887 conteres
301 824 459 903 diligenter
486 835 516 885 et
542 826 602 884 vini
625 824 731 884 novelli
756 825 834 904 quod
858 825 987 885 sufficiat
1010 825 1153 884 admisce-

138 915 184 975 his
209 923 239 974 et
262 912 384 974 naribus
408 913 542 991 tepidum
565 913 705 974 infundes
725 913 771 973 vel
789 912 999 992 gargarizahis,
1024 913 1078 974 sed
1098 915 1153 972 uti·

104 1003 197 1066 elius
225 1011 272 1063 est
299 1001 421 1062 naribus
449 1002 574 1062 infundi.
620 1001 663 1061 nd
692 1010 782 1080 caput
814 1001 919 1062 leviter
949 1002 1153 1081 purgandum:

140 1092 241 1171 Sinapi
270 1092 374 1151 tritum
405 1099 473 1151 ante
502 1090 580 1150 diem
613 1092 643 1150 in
676 1098 760 1150 aceto
792 1091 916 1151 inluude
949 1091 983 1150 ad
1017 1091 1153 1151 heminae
1167 1105 1190 1146 io

139 1197 310 1240 mensuram
338 1187 368 1239 et
396 1198 432 1240 ex
460 1197 495 1239 eo
524 1180 602 1239 intra
630 1197 663 1238 os
691 1186 760 1239 tene
791 1187 821 1240 et
853 1181 1002 1258 garganica
1031 1181 1062 1238 in
1094 1177 1154 1238 sole

139 1267 233 1328 calido
261 1269 381 1328 ieiunus
404 1276 434 1327 et
462 1275 565 1346 aperto
594 1285 645 1327 ore
673 1268 863 1347 postmodum
891 1268 975 1348 sede,
1004 1276 1038 1328 ut
1067 1285 1154 1327 umor

88 1370 119 1418 10
139 1357 287 1417 decurrat.
329 1355 501 1434 Staphidem
525 1357 636 1433 agriam
660 1358 769 1416 sumito
799 1364 829 1417 et
852 1375 906 1436 pro
931 1356 1018 1416 modo
1043 1357 1154 1435 sinapis

139 1463 264 1524 granum
293 1454 323 1504 et
351 1463 437 1505 uvam
460 1463 578 1525 passam
601 1446 760 1506 commisce
786 1463 855 1506 oum
879 1445 963 1505 hetae
988 1446 1101 1505 semine
1126 1451 1155 1504 et

140 1553 176 1594 ex
199 1552 234 1593 eo
259 1532 347 1594 facito
371 1533 518 1614 pastillos3
542 1532 661 1613 quihus,
685 1536 710 1593 si
734 1552 808 1612 opus
833 1534 931 1615 luerit,
956 1534 1066 1594 adicies
1091 1545 1189 1593 ace-1⁶

139 1630 203 1682 tum
228 1631 257 1682 et
281 1641 331 1682 eos
355 1624 475 1682 ieiunus
498 1624 529 1681 in
553 1621 614 1681 sole
639 1623 737 1682 autin
757 1621 873 1682 balineo
893 1622 1105 1682 commanduca
1126 1630 1155 1681 et

88 1718 275 1790 arepertum
299 1729 332 1770 os
355 1718 432 1789 tene,
457 1717 491 1770 ut
513 1727 600 1769 umor
623 1709 740 1770 defluat.
777 1710 821 1771 Ad
846 1721 935 1791 caput
958 1710 1154 1789 purgandum,

141 1799 219 1878 quod
244 1799 335 1858 luerit
357 1816 544 1859 umorosum:
578 1797 735 1877 Staphidos
758 1801 855 1877 agriae
881 1793 992 1886 2111,
1020 1799 1155 1878 pyrethri

141 1881 230 1974 211,
248 1887 353 1966 hysopi
369 1879 489 1972 211113
508 1888 620 1964 pariter
638 1887 711 1948 haec
729 1905 785 1966 pro
805 1888 891 1948 modo
911 1888 1034 1948 adsidue
1053 1890 1084 1948 in
1104 1905 1154 1947 ore

139 1978 229 2035 missa
253 1977 437 2035 comminues
465 1983 496 2034 et
522 1974 692 2036 masticabis
711 1978 866 2036 incurvato
886 1979 991 2056 capite,
1015 1983 1049 2036 ut
1068 1994 1155 2036 umor
1166 1989 1188 2029 2⁰

140 2083 177 2124 ex
200 2065 405 2124 masticatione
429 2063 547 2124 delluat.
583 2063 668 2134 Quod
691 2065 780 2124 facito
804 2065 913 2126 autad
938 2065 1030 2125 solem
1054 2065 1155 2126 autin

89 2169 121 2218 12
140 2153 206 2212 loco
229 2151 341 2230 tepido.
376 2151 420 2211 hd
443 2153 581 2230 pituitam
605 2171 640 2213 ex
665 2171 715 2213 ore
740 2154 931 2215 evocandam:
964 2154 1049 2213 heris
1074 2153 1155 2213 floris

141 2239 291 2318 scripulus
315 2258 392 2301 uuus
416 2240 506 2302 etde
530 2260 602 2303 suco
626 2242 754 2302 hederae
778 2242 857 2302 idem
876 2243 992 2321 pondus
1011 2243 1042 2302 in
1062 2260 1156 2302 unum

141 2331 267 2390 mixtum
295 2336 325 2389 et
353 2328 475 2390 naribus
503 2330 635 2391 infusum
663 2339 787 2392 evocant
809 2333 947 2410 pituitam
971 2339 1001 2392 et
1025 2330 1155 2391 delinere

91 2435 123 2484 13
142 2417 323 2497 conpellunt.
365 2417 458 2478 Radix
486 2419 620 2498 pyrethri
648 2422 679 2480 in
710 2420 771 2480 sole
801 2420 1044 2481 commanducata
1068 2421 1155 2498 pitui·
1168 2429 1189 2471 ’ὁ

90 2524 124 2574 14
142 2515 202 2569 tam
235 2514 265 2567 et
293 2525 427 2567 umorem
455 2509 560 2585 capitis
588 2509 734 2585 patefacto
771 2527 822 2568 ore
860 2509 1014 2587 depromit.
1066 2507 1156 2568 Betae

142 2595 293 2657 radicibus
317 2596 414 2654 tunsis
438 2604 519 2656 recte
541 2613 631 2655 sucus
650 2598 714 2656 eius
734 2596 857 2656 naribus
877 2596 998 2657 ducitur
1017 2596 1053 2657 ad
1073 2615 1155 2657 umo-

91 2701 123 2750 15
142 2703 206 2745 rem
234 2684 340 2763 eapitis
368 2683 590 2745 extrahendum.
634 2683 729 2744 Mellis
758 2693 788 2745 et
820 2687 930 2763 sinapis
957 2687 1023 2745 triti
1050 2703 1157 2764 aequa·

142 2773 209 2834 liter
240 2774 348 2832 mixtae
380 2779 481 2851 partes
514 2773 657 2850 tepefiunt
690 2782 721 2834 et
752 2792 839 2835 umor
867 2773 978 2834 multus
1015 2792 1030 2833 e
1060 2776 1157 2853 capite

91 2879 123 2928 16
142 2872 211 2942 post
233 2862 350 2941 longam
373 2862 636 2940 gargarizationem
659 2862 825 2925 deducitur.
871 2863 915 2930 ad
939 2872 1088 2923 catarrum
1112 2874 1191 2922 rear

143 2952 349 3031 stringendum
373 2952 473 3011 mittes
497 2951 528 3009 in
552 2949 638 3010 ollam
661 2951 767 3011 rudem
790 2970 845 3030 pro
864 2952 951 3012 modo
971 2951 1045 3010 ollae
1065 2951 1158 3010 hemi·

142 3057 210 3098 nam
233 3057 319 3098 rosae
343 3041 439 3100 siccae
464 3046 493 3100 et
516 3046 579 3098 tres
602 3040 737 3100 heminas
760 3058 852 3118 aquae
876 3039 989 3100 mulsae
1012 3047 1043 3099 et
1064 3039 1157 3099 hemi·

143 3145 211 3186 nam
235 3144 331 3204 sapae,
354 3127 456 3188 inhibe
479 3146 586 3188 nucem
610 3131 741 3208 pineam3
762 3127 835 3188 haec
859 3146 969 3208 coques
992 3127 1028 3187 ad
1052 3129 1159 3187 tertias

93 3234 124 3285 17
145 3223 174 3275 et
197 3213 330 3293 tepidum
354 3215 560 3292 gargarizahis.
600 3215 732 3276 llumicis
756 3218 891 3277 acumina
910 3225 1012 3278 tenera
1037 3215 1159 3294 colliges

144 3305 206 3364 sive
229 3302 298 3364 ruhi
321 3308 352 3361 et
374 3301 506 3382 herbam,
531 3322 619 3381 quam
642 3302 692 3364 alii
714 3303 937 3366 burdunoulum
960 3312 1080 3385 vocant,
1109 3304 1159 3366 alii
1172 3315 1194 3358 ³⁶

215 3495 251 3545 34
268 3488 459 3562 gargarizabis
478 3489 646 3562 Stephanus:
665 3492 825 3564 gargarizes
847 3493 1006 3549 Cornelius.
