2422 3878
520 58 759 126 -182-

132 226 294 303 inpositum
323 225 515 304 inpetigines,
543 240 616 301 quas
644 220 750 282 Graeci
777 226 886 302 agrios
916 240 1048 314 uocant,
1074 242 1158 314 poree

81 326 114 374 14
133 314 247 374 tissime
271 320 363 374 sanat.
404 310 597 385 Formiculas,
621 328 695 390 quae
718 308 942 379 Herculaneae
969 324 1157 400 nominantur,

132 402 276 463 contritas
299 402 416 463 modico
439 400 499 462 sale
523 399 637 461 adiecto
661 399 818 479 inpetiginl
843 403 989 490 adpone,
1016 410 1158 472 miraberis

131 490 310 574 remedium,
334 510 401 553 nam
424 489 562 551 celeriter
585 495 757 568 expurgant

79 594 112 642 ro
220 581 410 661 Impetigines
429 586 460 639 et
478 578 575 657 lepras
594 578 666 638 haec
685 576 856 655 conpositio
875 588 1104 660 potentissime
1120 602 1172 648 eus

131 671 235 751 tirpat:
258 670 347 729 Turis
361 665 495 749 masculi,
511 667 590 748 nitri,
606 666 720 746 argenti
735 682 872 748 spumae,
888 670 1064 753 sulphuris
1077 693 1156 758 aequr

130 758 261 837 pondera
291 774 359 817 cunr
387 762 471 816 aceto
499 756 561 817 aori
588 762 729 817 teruntur
755 760 785 814 et
812 755 949 833 pinnula
977 765 1157 845 inponuntur

130 846 334 922 siccatumque
358 842 541 905 medicamen
564 844 676 904 eluitur
703 850 733 904 et
759 860 886 905 rursum
914 849 1071 916 inlinitur
1092 854 1155 916 adsi·

78 947 111 997 ro
130 932 187 993 due
211 931 325 993 elutum
349 942 437 1012 atque
461 934 614 994 siccatum.
649 930 682 993 Si
704 930 810 1012 locum,
834 948 932 1010 quem
952 941 1101 1023 inpetigo
1117 942 1155 1003 ad

129 1020 214 1101 ludit,
237 1038 309 1082 auro
329 1020 566 1100 circumscribas,
587 1028 690 1100 postea
709 1038 777 1082 eum
795 1023 923 1084 omuino
943 1044 1015 1091 nou
1035 1033 1177 1112 adpetetr

78 1124 109 1173 uu
130 1109 223 1191 Loco,
253 1127 342 1189 quem
369 1119 520 1188 mentagra
544 1108 707 1191 obsederit,
737 1109 840 1169 limum
862 1115 1036 1180 murinum
1061 1124 1155 1183 tritum

130 1215 166 1258 ex
190 1206 273 1259 aceto
296 1207 415 1279 oportet
437 1199 541 1279 inponi
559 1197 606 1260 uel
627 1197 760 1259 eiusdem
779 1200 873 1259 muris
893 1209 1007 1267 exusti
1029 1211 1155 1271 cinerem

129 1304 196 1348 cum
220 1287 285 1349 oleo
309 1288 418 1369 adponi
441 1287 559 1351 salubre
583 1295 637 1349 est

77 1391 108 1440 18
217 1377 380 1440 Adversum
394 1378 626 1460 elephantiasim,
641 1375 719 1456 quod
730 1374 838 1436 malum
850 1373 1046 1463 plerumque
1059 1406 1077 1448 a
1088 1389 1154 1449 facie

128 1470 300 1547 auspicatur
323 1471 511 1548 primumque
536 1468 633 1526 oritur
656 1466 741 1544 quasi
764 1462 914 1526 lenticulis
938 1474 1040 1535 uariis
1066 1486 1098 1538 et
1115 1479 1177 1537 inu

127 1557 300 1636 aequalibus
315 1566 383 1617 cute
401 1556 465 1616 alba
480 1555 550 1616 alibi
569 1572 677 1635 crassa,
696 1552 766 1614 alibi
784 1554 876 1632 tenui,
894 1553 1065 1640 plerisque
1086 1564 1153 1626 locis

127 1644 201 1706 dura
226 1655 255 1707 et
280 1647 364 1725 quasi
387 1644 506 1705 scabida
530 1642 618 1705 etad
642 1652 826 1723 postremum
850 1643 894 1702 sic
921 1645 1094 1732 increscit,
1125 1660 1151 1714 ut

127 1735 245 1795 ossibus
269 1752 338 1796 caro
362 1732 503 1794 adstricta
528 1730 762 1794 tumescentibus
782 1732 912 1811 primum
931 1732 1044 1813 digitis
1064 1749 1151 1821 atque

127 1824 260 1885 articulis
284 1824 462 1885 indurescat.
499 1820 554 1882 llic
578 1821 700 1881 morbus
719 1818 909 1899 peculiariter
926 1819 1150 1904 Aegyptiorum

125 1912 244 1988 populis
263 1920 352 1973 notus
372 1919 418 1973 est
437 1929 492 1973 nec
507 1909 604 1971 solum
617 1913 648 1970 in
662 1908 769 1987 vulgus
783 1915 960 1990 extremum,
981 1914 1038 1974 sed
1060 1919 1177 1978 etramu

125 1997 157 2055 in
186 2017 272 2077 reges
299 2003 381 2080 ipsos
410 2001 582 2079 irequenter
613 1998 746 2077 inrepsit
792 1994 875 2058 Unde
906 1995 1057 2063 aduersus
1093 2005 1148 2066 boc

125 2084 235 2144 malum
254 2087 327 2147 solia
345 2091 419 2166 ipsis
438 2091 469 2148 in
488 2088 594 2149 balneo
613 2087 726 2166 repleta
744 2085 872 2146 humano
892 2090 1040 2164 sanguine
1061 2111 1146 2171 para·

125 2170 241 2232 bantur.
274 2172 417 2235 Mustelae
436 2178 529 2252 igitur
547 2183 668 2235 exustae
688 2176 763 2237 cinis
783 2182 812 2235 et
827 2172 960 2235 eiusdem
976 2174 1099 2262 beluae,
1118 2181 1146 2243 id

125 2266 171 2319 est
195 2259 369 2342 elephantis,
393 2264 514 2339 sanguis
537 2264 679 2322 inmixtus
702 2273 732 2324 et
754 2262 858 2325 inlitus
881 2261 1056 2328 huiusmodi
1079 2288 1145 2331 cor·

72 2363 104 2413 19
123 2347 247 2428 poribus
271 2347 415 2410 medetur.
457 2348 575 2409 Nitrum
602 2353 764 2412 contritum
787 2360 817 2413 et
840 2369 875 2412 ex
898 2350 985 2412 melle
1010 2362 1043 2416 et
1066 2356 1176 2420 lacteus

70 2453 104 2503 2ο
123 2436 235 2498 bubulo
264 2440 427 2519 inpositum
457 2436 668 2517 elephantiosis
701 2439 831 2519 prodest.
877 2439 971 2501 Radix
1003 2450 1143 2527 asparagi

123 2527 244 2590 decocta
266 2531 298 2590 in
322 2536 405 2590 aceto
429 2535 459 2588 et
481 2529 551 2589 trita
575 2527 785 2607 elephantiosis
813 2526 1030 2591 rationabiliter
1056 2535 1142 2614 inpo-

68 2633 102 2685 21
123 2619 212 2680 nitur.
250 2618 405 2681 Mentastri
428 2616 497 2679 folia
521 2618 763 2679 commanducata
786 2617 832 2678 vel
856 2619 983 2680 contrita
1003 2621 1142 2701 adposita

121 2709 333 2789 elephantiosis
360 2709 531 2789 medentur,
560 2707 649 2768 cedro
678 2724 797 2787 quoque
825 2706 909 2768 tabes
935 2706 983 2767 illa
1013 2710 1140 2774 adsidue

119 2808 265 2878 peruncta
290 2809 419 2862 sanatur.
1153 2816 1176 2857 ao

64 2900 100 2949 22
208 2888 260 2949 Fel
284 2892 421 2951 ursinum
443 2887 577 2968 leprosos
600 2885 759 2946 admodum
782 2894 880 2967 sanat,
904 2887 930 2946 si
953 2903 988 2945 eo
1012 2885 1139 2951 adsidue

119 2976 319 3060 perimantur,
343 2978 434 3059 adeps
458 2994 576 3057 quuoqne
601 2977 666 3036 eius
688 2975 795 3036 livores
820 2981 850 3035 et
865 2973 1001 3063 maculas
1023 2979 1137 3040 eximit.

66 3073 100 3122 23
118 3060 186 3139 alpii
205 3079 308 3124 semen
327 3073 357 3126 et
375 3066 476 3128 anethi
495 3073 633 3127 conteres
652 3071 769 3124 etcum
784 3063 871 3125 melle
885 3063 1025 3124 miscebis
1045 3073 1137 3148 atque

63 3160 100 3209 24
119 3148 189 3209 inde
217 3147 422 3212 malandriosis
451 3162 595 3232 quantum
622 3151 751 3212 sufficiat
774 3152 912 3230 adpones.
958 3152 1042 3214 lnula
1066 3174 1138 3218 con-

120 3239 189 3296 trita
213 3238 401 3315 inpositaque
424 3242 521 3317 primo
546 3237 666 3319 quidem
686 3237 876 3322 exulcerabit,
900 3241 1006 3303 deinde
1027 3261 1137 3323 expnr·
1151 3260 1176 3302 aa

118 3332 183 3401 gata
212 3327 290 3387 omni
319 3324 401 3404 lepra
430 3326 609 3407 detersaque
637 3327 718 3405 putri
747 3336 777 3387 et
803 3328 901 3390 tabida
930 3337 999 3391 cute
1028 3349 1136 3394 noram

117 3411 304 3496 similemque
323 3422 423 3476 cetero
443 3418 563 3496 corpori
581 3414 686 3478 reddet
705 3435 760 3478 nec
780 3419 935 3479 cicatrices
951 3419 1051 3479 foedas
1067 3438 1134 3482 esse
