2422 3878
524 128 741 193 -1g-

123 301 257 355 mentum
285 295 350 353 eius
378 294 495 371 generis
526 291 726 352 remediorum
756 293 878 367 habent,
910 293 1017 352 merito
1050 309 1137 351 accu-

126 383 209 443 sandi
232 388 311 462 sunt,
336 381 415 460 quod
439 390 499 442 tam
522 380 712 459 neglegentes
736 382 767 441 in
786 389 846 442 tam
865 382 1034 441 necessaria
1052 387 1137 458 parte

126 473 198 531 artis
222 470 347 548 fuerint,
371 471 432 530 sive
456 471 572 548 experti
596 468 715 548 quidem
743 479 813 530 sunt
840 487 945 531 eorum
969 468 1139 550 utilitatem,

125 559 272 637 denegant
295 567 394 618 autem
417 576 514 638 usum,
537 560 630 635 magis
654 557 792 637 culpandi
815 566 893 638 sunt,
920 559 989 637 quia
1012 559 1138 618 crimine

125 648 304 707 invidentiae
328 646 465 725 flagrant,
494 646 572 724 quod
598 645 707 706 malum
731 665 798 706 cum
822 646 960 707 omnibus
984 647 1139 706 animanti·
1168 663 1180 703 a

125 735 182 795 bus
205 737 333 795 invisum
358 734 463 794 debeat
486 753 565 814 esse,
593 742 656 795 tum
684 737 844 813 praecipue
867 735 1005 815 medicis,
1028 732 1139 813 quibus

125 825 185 884 nisi
201 823 309 902 plenus
328 823 549 883 misericordiae
569 831 599 904 et
618 822 809 883 humanitatis
829 825 944 882 animus
964 830 1010 883 est
1033 839 1139 882 secun-

126 912 197 973 dum
232 914 328 990 ipsius
360 911 553 990 professionis
586 910 783 992 voluntatem,
819 910 988 971 hominibus
1021 910 1138 989 diisque

91 1000 265 1061 4omnibus
292 1002 380 1060 invisi
407 998 516 1060 debent
539 1017 614 1060 esse.
656 999 770 1060 ldcirco
797 1018 834 1059 ne
857 998 994 1060 hostibus
1018 998 1139 1078 quidem

125 1089 236 1149 malum
263 1088 512 1148 medicamentum
545 1087 639 1168 dabit,
673 1090 725 1167 qui
757 1096 941 1149 sacramento
975 1086 1139 1148 medicinae
1155 1105 1180 1144 ao

125 1176 255 1255 legitime
275 1184 321 1237 est
340 1175 501 1256 obligatus3
521 1175 571 1236 sed
590 1183 790 1255 persequetur
809 1195 869 1258 eos,
888 1195 957 1236 cum
973 1194 1022 1236 res
1036 1183 1140 1254 postu-

125 1265 237 1344 laverit,
261 1272 295 1325 ut
317 1264 447 1325 militans
471 1272 501 1325 et
524 1266 596 1325 civis
619 1264 715 1325 bonus
734 1264 929 1345 omnimodo,
955 1266 1024 1344 quia
1047 1264 1139 1324 medi-

126 1356 192 1414 cina
215 1371 274 1413 uon
298 1353 416 1414 fortuna
440 1372 537 1432 neque
558 1355 695 1432 personis
713 1355 849 1414 aestimat
866 1353 1011 1432 homines,
1034 1370 1140 1412 verum

126 1441 289 1521 aequaliter
316 1442 455 1503 omnibus
483 1441 700 1521 inplorantibus
725 1442 830 1502 auxilia
856 1460 909 1502 sua
931 1449 1139 1520 porrecturam

127 1539 156 1591 et
180 1549 390 1592 succursurum
415 1549 446 1590 se
469 1530 629 1609 pollicetur
652 1528 785 1608 nullique
808 1547 948 1609 umquam
972 1531 1140 1590 nocituram
1153 1546 1178 1586 1s

91 1628 106 1677 5
126 1620 292 1698 profitetur.
324 1619 529 1699 Hippocrates,
548 1618 684 1678 conditor
698 1626 817 1678 nostrae
830 1619 1034 1697 professionis,
1055 1619 1141 1677 initia

127 1708 299 1787 disciplinae
319 1707 355 1768 ab
374 1706 566 1767 iureiurando
585 1705 715 1786 tradidit,
738 1709 769 1766 in
793 1725 851 1786 quo
873 1714 1009 1767 sanctum
1028 1714 1082 1786 est,
1106 1714 1140 1766 ut

127 1815 164 1856 ne
191 1797 345 1875 praegnati
368 1795 489 1873 quidem
512 1793 772 1875 medicamentum,
801 1813 860 1874 quo
889 1801 1068 1873 conceptum
1091 1812 1139 1854 ex·

127 1887 252 1963 entitur,
276 1892 327 1943 aut
355 1883 442 1943 detur
466 1889 517 1942 aut
540 1882 762 1944 demonstretur
793 1902 809 1943 a
837 1901 986 1962 quoquam
1013 1883 1139 1964 medico,

126 1971 264 2032 videlicet
286 1971 373 2049 longe
396 1971 600 2050 praeformans
619 1973 732 2031 animos
752 1971 930 2032 discentium
949 1970 985 2031 ad
1003 1970 1139 2031 humani·
1153 1989 1179 2029 ao

127 2067 227 2121 tatem.
269 2059 327 2130 Qui
351 2061 429 2119 enim
453 2059 535 2119 nefas
559 2061 792 2121 existimaverint
815 2079 868 2139 spe
892 2059 981 2120 dubia
1003 2059 1139 2119 homines

126 2147 257 2227 laedere,
291 2155 433 2225 quantum
462 2147 618 2209 scelestius
645 2149 778 2227 perfecto
806 2151 864 2208 iam
893 2166 1001 2209 nocere
1029 2148 1140 2208 iudica·

126 2233 222 2296 bunt?
263 2235 360 2313 Magni
384 2254 455 2314 ergo
479 2239 643 2297 aestimavit
665 2254 773 2297 nomen
797 2237 948 2316 decusque
976 2235 1139 2297 medicinae

127 2341 304 2385 conservare
326 2326 376 2403 pio
396 2331 558 2404 sanctoque
577 2327 674 2385 animo
694 2343 842 2404 quemque
862 2324 1025 2386 secundum
1044 2327 1140 2404 ipsius

126 2415 312 2492 propositum
328 2430 359 2472 se
375 2421 541 2494 gerentem3
561 2415 684 2474 scientia
699 2416 778 2473 enim
793 2413 923 2494 sanandi,
938 2432 997 2473 non
1012 2413 1141 2474 nocendi
1154 2429 1179 2470 aa

127 2509 173 2562 est
195 2501 350 2562 medicina.
386 2501 468 2572 Quae
492 2503 551 2561 nisi
574 2503 655 2561 omni
676 2509 761 2581 parte
785 2520 838 2563 sua
856 2502 943 2580 plene
963 2501 1090 2562 excubat
1109 2504 1141 2563 in

127 2589 234 2650 avrxilia
258 2589 465 2671 laborantium,
488 2608 549 2650 non
572 2597 704 2669 praestat
728 2609 814 2669 quam
838 2590 996 2670 pollicetur
1014 2590 1141 2650 homini-

93 2677 184 2739 6bus
211 2678 442 2740 misercordiam.
484 2677 627 2739 Desinant
655 2696 738 2759 ergo,
769 2681 821 2758 qui
848 2679 990 2758 prodesse
1014 2678 1141 2739 adflictis

128 2774 178 2828 aut
206 2765 311 2827 nolunt
342 2775 393 2828 aut
419 2785 479 2827 non
506 2774 644 2846 possunt,
674 2766 746 2827 alios
770 2785 889 2847 quoque
913 2767 1067 2828 deterrere
1091 2785 1141 2827 ne·

127 2855 222 2934 gando
247 2858 343 2935 aegris
367 2855 486 2937 auxilia,
516 2874 590 2935 quae
614 2857 751 2935 pervim
773 2856 1059 2918 medicamentorum
1082 2855 1141 2915 fre·
1156 2872 1182 2912 ao

128 2955 254 3022 quenter
283 2945 468 3007 exhibentur.
515 2943 633 3006 Etenim
662 2948 747 3025 quasi
775 2964 829 3025 per
858 2945 967 3023 gradus
997 2943 1143 3024 quosdam

127 3033 274 3092 medicina
292 3032 495 3095 laborantibus
515 3037 673 3095 succurrit.
703 3034 777 3094 Nam
791 3036 922 3113 primum
937 3032 1012 3094 cibis
1026 3035 1143 3093 ratione

128 3126 256 3198 aptoque
280 3127 413 3198 tempore
437 3122 513 3183 datis
536 3130 661 3201 temptat
684 3120 826 3198 prodesse
845 3121 1068 3203 languentibus3
1092 3120 1142 3181 de·

128 3206 197 3266 inde
217 3208 243 3266 si
261 3206 296 3266 ad
312 3206 367 3266 hos
381 3226 440 3268 non
455 3211 644 3289 responderit
662 3210 786 3290 curatio,
804 3208 840 3269 ad
857 3211 1143 3271 medicamentorum

200 3347 216 3394 3
240 3341 315 3394 astes
338 3345 393 3395 Im.
485 3348 501 3396 6
524 3341 554 3395 in
577 3341 678 3410 quibus
699 3342 858 3400 Carnarius.
959 3351 991 3399 13
1010 3343 1141 3400 hominis.

130 3418 164 3466 14
186 3413 350 3480 proiectura
373 3413 448 3482 (aaa.)
540 3417 572 3466 15
594 3415 623 3468 et
641 3430 690 3470 om.
783 3420 815 3469 17
836 3415 884 3487 ab]
904 3415 947 3471 ad.
1039 3420 1071 3469 19
1092 3417 1142 3470 aut

129 3481 222 3554 detur]
242 3483 361 3537 audetur
378 3487 394 3537 1
400 3500 427 3539 m
445 3481 575 3538 audietur
593 3490 653 3541 2m.
726 3490 760 3540 22
780 3489 885 3554 quanto
906 3485 1065 3542 cordurus.
