2422 3878
911 98 931 125 N

512 128 750 193 -234-

72 307 104 355 13
213 291 382 370 Inponenda
398 300 468 352 sunt
481 292 602 353 lienosis
617 300 647 351 et
660 294 786 352 maxime
801 293 856 374 his,
869 311 995 371 quiorum
1009 294 1140 356 nimium

123 382 191 442 duri
210 388 241 440 et
259 381 367 441 tumidi
381 391 451 442 sunt
465 382 567 462 lienes,
587 380 800 441 medicamenta
814 381 997 442 huiusmodi:
1018 381 1139 462 Sinapis

123 479 153 530 et
176 470 309 549 pyrethri
332 473 413 549 paria
437 470 568 549 pondera
591 488 627 529 er
651 479 734 530 aceto
756 471 826 531 trita
845 470 1023 548 chartaeque
1043 470 1139 553 inlita,

124 578 211 638 quam
234 558 317 619 horis
342 558 438 619 tribus
461 558 601 638 habeant3
626 557 732 619 deinde
756 577 825 619 cum
843 558 976 618 dolorem
994 558 1136 620 intolera-

122 647 212 708 bilem
236 648 314 708 lcrre
338 665 397 706 non
420 649 580 726 potuerint,
605 646 772 707 deducendi
795 649 918 707 suntin
941 646 1083 709 balneum
1106 657 1163 709 ets

122 737 164 797 ibi
187 739 218 796 in
242 735 349 796 solium
373 735 500 795 calidum
523 735 699 796 demittendi
722 743 752 794 et
771 735 888 795 fovendi
907 738 1068 815 praecipue
1088 738 1136 798 his

123 825 203 904 locis,
230 827 260 883 in
286 823 393 902 quibus
417 823 664 884 medicamentum
687 823 857 884 habuerunt
880 826 1057 905 inpositum,
1082 826 1136 886 sed

122 933 137 972 a
161 912 334 972 fortioribus
362 912 511 972 retinendi
539 920 608 973 sunt
636 914 667 972 in
696 912 782 992 solio3
811 912 936 972 exiliunt
961 916 1041 973 enim
1066 913 1135 974 sub-

40 1008 43 1015 '
121 1000 189 1060 inde
215 1009 243 1060 ct
267 1001 369 1078 lugere
393 1011 538 1061 conantur
557 1019 616 1061 non
636 1003 818 1061 sustinentes
838 1001 998 1081 servorem3
1022 1021 1037 1062 a
1059 1002 1133 1063 solio

121 1108 191 1149 vero
215 1089 368 1166 unguendi
387 1096 457 1150 sunt
475 1089 540 1150 oleo
560 1098 589 1150 ct
608 1089 752 1170 tergendi,
771 1101 834 1150 tum
854 1099 989 1150 cerotum
1007 1110 1045 1150 ex
1066 1111 1134 1152 rosa
1149 1108 1173 1147 10

121 1178 322 1256 inponendum
346 1177 418 1238 locis
442 1180 585 1257 perustis,
614 1197 690 1257 quac
713 1178 940 1257 insequentibus
963 1178 1084 1260 diebus,
1108 1183 1134 1240 si

122 1267 193 1326 satis
217 1274 319 1327 exusta
343 1267 463 1347 luerint,
487 1269 586 1328 curari
609 1266 726 1328 debent.

70 1367 103 1414 14
210 1354 332 1433 Pinguis
356 1356 405 1416 lici
428 1355 527 1417 aridae
551 1363 692 1416 contusae
716 1355 852 1416 denarios
875 1354 966 1436 XXV,
995 1359 1133 1435 capparis

121 1444 229 1504 radicis
253 1446 314 1505 sive
339 1447 459 1506 corticis
483 1445 620 1505 denarios
644 1447 783 1524 quinque,
808 1443 974 1523 aphronitri
992 1444 1133 1506 denarios

121 1541 274 1614 quattuor,
303 1535 408 1613 hysopi
436 1533 617 1593 fasciculum.
659 1532 789 1593 Contusa
812 1533 885 1594 haec
908 1532 995 1593 melle
1019 1541 1132 1612 tempe·
1148 1554 1172 1594 15

122 1631 239 1704 rantur,
262 1622 355 1682 donec
380 1623 473 1682 ceroti
496 1621 624 1682 habeant
646 1629 890 1701 temperaturam3
918 1621 1024 1682 deiude
1048 1623 1134 1684 inlita

120 1712 241 1773 linteolo
260 1729 351 1789 super
370 1710 476 1770 lienem
496 1718 649 1788 ponuntur
668 1720 697 1770 ct
715 1709 831 1770 duabus
845 1709 890 1770 vel
907 1710 1033 1788 amplius
1047 1711 1132 1772 horis

121 1801 179 1861 illic
203 1800 363 1879 habentur;
387 1798 494 1859 deinde
517 1801 543 1859 is
567 1801 619 1877 qui
642 1806 764 1860 curatur
787 1798 821 1858 ad
841 1798 990 1859 balineum
1011 1799 1133 1861 ducitur

121 1899 151 1949 et
173 1893 204 1948 in
228 1888 301 1949 solio
326 1887 420 1948 calido
444 1886 624 1966 aliquamdiu
648 1888 772 1947 levetur.

69 1991 100 2039 15
208 1977 349 2055 Malagma
373 1977 493 2037 lienosis
516 1976 588 2037 utile
613 1979 669 2038 sic:
702 1975 793 2036 Cerae
816 1975 921 2036 libram
945 1995 1046 2056 unam,
1072 1997 1131 2038 am·
1147 1996 1173 2036 so

120 2069 247 2126 moniaci
269 2074 369 2144 guttae
393 2066 529 2126 denarios
553 2065 665 2145 decem,
689 2063 794 2142 lapidis
817 2064 895 2124 hssii
917 2064 1008 2145 floris,
1032 2065 1061 2125 id
1088 2077 1134 2129 est

120 2157 241 2234 cineris,
265 2155 403 2213 denarios
427 2156 532 2232 viginti
555 2156 701 2233 quinque,
724 2152 834 2235 balani,
858 2172 917 2230 quo
941 2157 1134 2232 unguentarii

121 2251 259 2323 utuntur,
283 2243 420 2301 denarios
443 2241 520 2321 XVI,
544 2241 657 2302 bdellae
682 2242 819 2302 denarios
842 2241 915 2322 xvi,
939 2245 1020 2303 croci
1043 2243 1132 2304 dena·

119 2333 181 2390 rios
204 2329 271 2410 1111,
300 2332 415 2389 resinae
438 2332 567 2408 pityinae
591 2329 617 2390 ll
637 2330 729 2410 Xllll‚
759 2329 814 2390 olei
837 2330 946 2392 laurini
969 2335 1133 2394 sextarium

59 2440 67 2450 ·
119 2419 271 2498 dimidum,
295 2421 371 2478 aceti
394 2417 425 2478 P.
444 2417 506 2478 llll.
539 2418 601 2479 Hoc
621 2438 729 2499 genere
749 2423 937 2500 componitur
959 2420 1026 2501 hoc,
1050 2422 1131 2500 quod
1145 2438 1170 2479 so

119 2507 263 2567 Niliacum
281 2506 423 2585 malagma
437 2507 555 2568 dicitur.
588 2508 675 2569 hrida
691 2528 727 2570 ex
742 2519 824 2570 aceto
839 2518 899 2570 tam
914 2509 965 2570 diu
982 2519 1131 2591 teruntur,

119 2597 212 2656 donec
241 2596 316 2656 levia
344 2598 420 2657 lacta
447 2596 576 2657 habeant
603 2597 699 2659 mellis
727 2598 965 2678 spissitudinem3
994 2617 1069 2678 quae
1095 2600 1130 2660 ad

118 2689 217 2765 ignem
240 2685 379 2747 solvenda
398 2694 476 2766 sunt,
500 2705 568 2747 cum
587 2687 652 2747 oleo
673 2696 702 2747 et
720 2686 806 2765 adipe
825 2687 983 2767 liquefacta
1000 2689 1033 2747 in
1054 2707 1131 2749 mor-

118 2779 225 2837 tarium
249 2794 340 2854 super
362 2777 432 2836 trita
455 2775 667 2856 infunduntur3
692 2775 798 2836 deinde
822 2778 960 2837 universa
983 2779 1131 2854 permixta

118 2884 185 2925 cum
211 2866 383 2944 refrigerata
407 2865 527 2944 luerint,
551 2863 687 2925 manibus
711 2863 899 2942 subiguntur.
1145 2885 1170 2925 so

65 2967 97 3015 16
205 2954 248 3013 Ad
271 2954 378 3033 lienes,
403 2955 537 3032 quinon
561 2953 597 3014 ab
620 2954 755 3033 infantia,
784 2952 836 3014 sed
860 2962 963 3032 postea
986 2954 1130 3016 indurue-

117 3050 197 3121 runt,
217 3042 358 3119 malagma
374 3044 430 3102 sic:
451 3041 640 3123 Myrobalani‚
658 3045 787 3123 panacis
806 3043 940 3122 pyrethri
955 3042 1054 3120 pondo
1071 3045 1131 3104 sin·

117 3127 194 3207 gula,
217 3129 340 3189 balsami
363 3132 483 3190 seminis
504 3129 529 3190 ii
547 3130 582 3210 X,
606 3133 717 3209 sinapis
736 3131 767 3191 P.
788 3130 808 3191 l.
841 3131 894 3191 His
913 3133 993 3191 tritis
1012 3140 1132 3193 acetum

117 3234 184 3275 acre
209 3219 352 3276 miscetur
375 3226 405 3278 et
428 3218 478 3278 diu
503 3220 659 3295 permixtio
687 3221 743 3278 ista
768 3219 917 3298 subigitur
940 3237 1069 3298 cumque
1095 3216 1131 3281 'ex

206 3357 222 3404 3
241 3351 347 3419 pyrelri
372 3349 524 3404 ocrearius
547 3356 577 3404 ui
599 3353 679 3419 infra
697 3354 815 3421 saepius.
924 3361 940 3410 6
960 3355 1132 3410 demittendi

116 3424 228 3490 scripsi:
251 3419 413 3474 dimittendi
437 3420 596 3478 Ooruarius.
706 3428 738 3478 17
764 3424 946 3494 imponuntur
965 3425 1130 3495 Stephanus.

119 3496 150 3545 18
170 3492 198 3546 in
218 3493 350 3547 balncum
369 3491 531 3562 Stephanus.
