2422 3878
534 98 773 162 -126—

149 263 256 324 deinde
283 260 404 341 pulvere
433 263 497 339 ipso
526 260 698 321 mollissimo
722 260 826 320 dentes
849 259 905 320 tibi
931 260 1075 341 perfrica,
1101 279 1149 341 quo

96 365 130 414 48
149 354 226 413 lacto
251 349 383 411 dolorem
406 349 531 410 sedabis.
574 350 605 410 Si
628 347 684 410 tibi
706 351 800 428 partis
823 351 962 410 sinistrae
985 348 1061 410 dens
1083 349 1151 411 dole

147 440 201 519 bit,
224 439 325 500 cubito
349 439 454 499 dextro
478 437 601 499 calidam
625 436 721 497 labam
744 445 857 498 coctam
881 440 983 498 tritam
1002 440 1112 516 inpone
1129 446 1153 500 et

148 527 306 607 diligenter
329 527 395 606 liga.
429 527 460 587 Si
483 545 553 587 vero
577 528 671 605 partis
695 525 835 586 dexterae
859 529 920 586 sive
940 529 1082 604 superior
1100 529 1153 588 sive

147 618 272 677 inferior
295 616 368 677 deus
392 614 512 694 dolebit,
536 614 637 675 cubito
657 615 779 675 sinistro
798 613 888 693 ligato
906 615 1047 676 similiter
1066 615 1172 676 labans

95 719 128 767 49
148 716 178 767 et
200 706 257 766 hoc
281 704 490 784 pertriduum
514 705 611 764 iacito.
653 701 790 763 Dolorem
814 703 949 763 dentium
977 713 1009 764 et
1032 706 1155 784 gingiva·

148 813 215 854 rum
238 794 294 853 lrac
317 794 443 852 maxime
467 794 619 852 curatione
644 809 815 872 conpesces,
838 793 865 852 si
883 791 980 852 mellis
998 792 1081 874 —l,
1102 792 1157 854 alu·

147 885 236 943 minis
259 882 409 941 infectorii
432 914 474 923 -
494 880 534 940 lll
557 879 786 941 subfervefacias
809 881 841 940 in
863 880 993 959 pultario
1019 889 1050 943 et
1069 884 1157 960 agites

94 984 128 1033 5ο
148 989 182 1031 55
200 972 326 1030 misceas
346 969 585 1048 tepeiaetumque
603 968 787 1028 medicamen
810 986 862 1028 ore
887 971 1050 1030 contineas.
1088 973 1158 1030 Aco-

147 1077 215 1119 rum
233 1058 389 1119 Ponticum
413 1076 481 1118 cum
505 1067 588 1118 aceto
612 1066 642 1118 et
666 1075 734 1117 cum
757 1057 841 1118 taeda
866 1074 961 1136 usque
982 1057 1019 1118 ad
1041 1067 1159 1138 quartas
1169 1077 1189 1117 55

147 1149 303 1208 decoctum
330 1148 496 1207 rectissime
524 1146 680 1206 adversum
704 1144 822 1206 dolores
845 1145 980 1206 dentium
1002 1147 1158 1225 gargalira·

94 1250 125 1298 51
146 1245 204 1297 tur.
247 1236 344 1297 Sucus
368 1235 538 1314 cyclaminis
563 1242 593 1295 et
616 1233 674 1294 mel
697 1233 819 1313 Lycium
845 1236 948 1313 aequis
971 1237 1159 1314 portionibus

94 1338 127 1386 52
146 1327 311 1385 miscentur
334 1332 423 1403 atque
447 1323 515 1384 inde
539 1323 623 1383 dolor
647 1323 780 1383 dentium
803 1323 993 1384 confricatur.
1036 1323 1160 1402 Lapatbi

147 1414 230 1474 radix
258 1415 289 1472 in
316 1421 400 1474 aceto
427 1415 572 1473 acerrimo
600 1413 740 1490 coquitur
767 1418 855 1489 atque
883 1430 918 1471 eo
947 1421 1032 1473 aceto
1056 1412 1159 1474 dentes

93 1515 127 1564 53
147 1502 329 1564 conluuntur
352 1501 396 1561 vel
421 1502 566 1562 foventur.
606 1499 739 1560 Mileiolii
761 1499 845 1560 radix
866 1499 921 1560 sub
940 1503 1038 1580 primo
1059 1501 1159 1562 dolore
1172 1519 1193 1559 55

146 1591 279 1652 dentium
304 1588 598 1650 commanducabitur
621 1597 652 1649 et
672 1588 766 1648 isdem
785 1587 925 1649 dentibus
944 1591 997 1668 qui
1015 1589 1160 1651 dolebunt

146 1680 198 1740 diu
212 1679 453 1740 commanducata
468 1675 654 1757 retinebitur,
669 1675 883 1738 intolerandam
895 1676 1064 1738 molestiam
1075 1696 1159 1756 prae-

93 1783 128 1831 54
147 1769 316 1829 sentissimo
340 1766 471 1826 remedio
490 1765 648 1826 coercebit.
686 1764 791 1826 Oleum
815 1784 884 1826 cum
907 1775 990 1827 aceto
1012 1785 1050 1826 ex
1069 1769 1158 1828 555555

147 1858 316 1936 decoctum,
344 1855 413 1914 dum
442 1854 538 1914 adhuc
566 1854 654 1932 calet,
682 1861 763 1913 reete
791 1853 826 1914 ad
854 1854 1000 1915 sedandos
1023 1855 1158 1916 dentium

146 1945 264 2005 dolores
287 1962 339 2004 ore
362 1941 554 2022 retinebitur,
582 1945 623 2004 ita
649 1950 683 2002 ut
706 1941 774 2021 plus
797 1945 874 2003 aceti
897 1961 985 2023 quam
1008 1943 1068 2004 olei
1091 1947 1155 2004 mit·
1171 1961 1194 1999 ao

93 2047 126 2096 55
146 2042 235 2094 55555.
278 2031 372 2093 Radix
395 2040 492 2092 terrae
516 2031 586 2091 mali
609 2031 729 2091 surculo
753 2040 838 2092 eruta
861 2039 891 2092 et
914 2032 1158 2094 commanducata

146 2123 171 2180 si
195 2140 246 2180 ore
271 2122 471 2197 contineatur,
495 2120 574 2180 inter
597 2122 680 2180 initia
704 2119 823 2197 quidem
847 2120 1064 2181 excandescere
1087 2123 1158 2182 55555

92 2223 125 2271 55
145 2207 277 2268 dolorem
301 2207 443 2287 dentium,
467 2207 519 2268 sed
543 2226 610 2267 mox
634 2226 702 2268 eum
726 2215 864 2286 potenter
882 2210 1044 2287 extinguet.
1086 2209 1156 2270 Por·

145 2296 212 2357 celii
234 2295 371 2355 lactentis
394 2295 568 2377 ventriculo,
591 2296 620 2355 id
645 2305 691 2356 est
708 2296 884 2378 aqualiculo,
907 2305 1053 2378 exempto,
1078 2300 1156 2378 quod

144 2388 174 2445 in
199 2386 341 2445 interiore
366 2394 433 2444 cute
457 2383 571 2445 luteum
592 2385 741 2466 adhaeret,
764 2384 848 2446 lanae
872 2388 1035 2465 coniungas
1059 2387 1157 2447 made·
1171 2403 1196 2441 25

145 2475 310 2551 laetamque
340 2491 404 2532 eam
427 2471 476 2532 illo
503 2491 606 2533 umore
630 2473 780 2534 auriculae
804 2476 931 2555 insereS,
959 2477 1045 2536 cuius
1075 2495 1091 2536 e
1114 2475 1157 2536 di-

144 2581 229 2623 versa
252 2569 336 2641 parte
360 2561 433 2621 dens
457 2561 580 2642 dolebit,
609 2565 775 2623 certissimo
803 2563 934 2624 remedio
964 2567 1065 2625 statim
1089 2563 1157 2624 sub·

92 2664 124 2714 55
145 2655 254 2713 venies.
295 2649 372 2711 Mori
399 2650 482 2710 radix
511 2659 644 2729 tempore
672 2653 778 2711 messis
806 2651 961 2732 inciditur,
988 2671 1023 2713 ea
1051 2671 1158 2714 sucum

144 2743 330 2822 aptissimum
354 2738 515 2800 inhibendo
540 2739 635 2799 dolori
661 2739 793 2800 dentium
823 2742 945 2820 emittit,
974 2760 1063 2820 quem
1090 2741 1157 2802 ideo

145 2831 243 2910 colligi
266 2839 296 2891 et
319 2831 432 2890 servari
454 2837 580 2908 oportet,
604 2837 638 2888 ut
661 2847 728 2888 cum
748 2847 824 2907 opus
842 2829 934 2889 suerit
953 2828 1094 2890 dentibus
1114 2833 1156 2890 in·
1170 2845 1194 2883 ⁸⁰

91 2931 125 2978 55
145 2929 281 2998 ponatur.
323 2918 475 2980 Nuculeus
499 2916 590 2995 gallae
617 2916 879 2978 commanducatus
902 2917 1039 2979 medetur
1061 2917 1158 2978 dolori

92 3019 124 3066 59
145 3011 301 3086 umorique
325 3007 467 3068 dentium.
508 3005 683 3086 Hyoscyami
706 3005 789 3066 radix
812 3008 902 3066 mixta
925 3005 971 3066 vel
994 3006 1158 3068 madefacta

91 3105 125 3154 60
144 3105 227 3154 55555
247 3104 277 3155 55
296 3096 538 3156 commanducata
556 3097 630 3156 mire
645 3093 785 3155 dentibus
799 3095 943 3155 medetur.
976 3093 1158 3174 Plantaginis

144 3179 227 3241 radix
255 3191 337 3242 recte
365 3183 516 3243 manditur
543 3182 736 3260 eiusdemque
765 3202 836 3243 suco
865 3185 895 3243 in
923 3191 1007 3243 aceto
1033 3184 1158 3246 decocto

216 3392 232 3438 2
251 3385 358 3452 dentes,
377 3386 423 3440 aed
437 3385 551 3440 dolebit.
606 3392 623 3441 8
637 3387 780 3443 suiectorii
794 3389 863 3458 (sic).
917 3394 951 3443 22
966 3389 1158 3446 scandescere.

145 3464 179 3512 25
198 3457 279 3510 illum
297 3457 422 3510 humore.
495 3461 529 3509 30
549 3457 661 3526 oportit.
733 3465 767 3513 31
787 3458 928 3514 5555515555.
