2452 3878
476 157 521 170 -
562 120 630 186 '157
678 156 719 167 -

95 296 155 367 est,
184 285 236 346 sed
263 287 346 364 prius
370 303 495 363 corpore
519 285 680 363 perfricato
704 283 769 344 oleo
793 283 902 364 calid03
929 284 1053 362 prodest
1076 293 1107 344 et

95 377 156 455 his,
185 376 237 452 qui
264 376 328 434 sinc
355 373 481 432 horrore
509 374 637 433 circuitu
665 371 794 433 febrium
817 381 974 453 vexantur,
1003 392 1107 452 quam·

95 463 199 523 obrem
221 462 402 541 leripyretos
425 462 498 522 hacc
521 463 686 539 conpositio
710 460 829 521 dicitur.

183 550 246 611 ntra
274 551 440 627 conpositio
468 549 505 609 ad
535 559 648 609 tussem
675 548 788 609 aridam
816 556 846 610 et
873 549 1049 628 glutinosam
1076 557 1159 611 et10

63 638 257 701 sdifficulter
280 638 502 719 excreantibus,
529 646 638 716 purgat
665 639 754 697 ctiam
780 640 948 698 interaneas
975 640 1105 699 vomicas

95 737 125 788 et
148 729 391 807 suppurationes,
415 728 523 805 accipit
544 725 631 786 haec:
667 725 734 786 Liui
761 729 896 808 seminis,
924 727 1037 786 urticae
1061 745 1105 786 sc·
1146 742 1150 748 ·

95 819 197 896 minis,
220 817 355 875 nasturci
378 815 514 893 seminis,
544 816 598 874 iris
620 812 753 892 Illyricae
776 814 885 875 radicis
908 816 1011 893 aequis
1034 833 1105 893 pon·

95 904 224 965 deribus.
259 902 339 963 Haec
361 905 393 962 in
415 901 567 980 pulverem
591 901 687 980 redigi
710 909 740 963 et
762 905 883 963 misceri
901 910 1019 982 oportet
1038 922 1106 964 cum

94 993 181 1052 melle
209 999 239 1052 et
261 992 434 1069 frequenter
461 993 560 1051 ieiuno
588 1009 643 1069 per
666 991 845 1051 coclearium
868 991 939 1052 dari.
983 991 1105 1052 Stercus
1126 1004 1159 1052 lt

52 1103 81 1140 10
94 1082 252 1160 porcinum
279 1082 392 1140 siccum
415 1078 570 1157 inligatum
592 1078 750 1158 phoenicio
774 1087 804 1139 et
828 1080 903 1140 collo
927 1099 1106 1159 suspensum

95 1179 209 1230 tussem
232 1168 471 1228 molestissimam
495 1168 585 1228 sedat.
627 1166 739 1246 Hysopi
763 1201 805 1210 -
824 1169 846 1245 l,
869 1176 985 1229 mentae
1009 1172 1106 1229 siccae
1126 1181 1159 1230 12

98 1291 136 1300 -
157 1257 178 1338 1,
202 1256 282 1335 pulei
306 1259 378 1316 sicci
399 1287 437 1299 ·-
454 1255 476 1335 l,
500 1255 596 1316 mellis
619 1256 736 1317 decocti
756 1289 795 1300 —
812 1255 846 1336 11,
870 1257 1004 1318 marruhi
1026 1291 1071 1300 -
1084 1257 1106 1337 1,
1141 1290 1142 1293 =

95 1348 249 1425 papaveris
273 1377 316 1388 —-
334 1344 360 1424 13
390 1353 460 1404 sunt
488 1347 539 1423 qui
562 1344 675 1405 addunt
700 1351 730 1404 et
753 1345 885 1422 sulpuris
908 1348 966 1405 vivi
988 1364 1106 1406 semun-

95 1436 179 1494 ciam.
225 1432 304 1493 Haec
327 1435 397 1492 trita
420 1434 653 1512 permiscentur,
676 1442 710 1492 ut
732 1432 957 1510 pseudoliquida
981 1436 1053 1513 sint,
1077 1440 1107 1514 et

54 1541 81 1582 15
95 1540 150 1601 per
172 1520 304 1581 cocleare
328 1522 445 1600 dantur,
468 1522 510 1580 ita
533 1528 566 1580 ut
589 1539 644 1599 per
667 1520 799 1580 triduum
823 1519 966 1581 coclearia
990 1521 1106 1599 singula

96 1611 149 1688 qui
171 1611 259 1670 tussit
281 1611 400 1669 ieiunus
424 1610 558 1687 accipiat.
595 1608 728 1670 Hederae
753 1609 821 1668 solia
845 1611 901 1669 tria
921 1626 990 1669 cum
1007 1609 1105 1669 tribus
1129 1621 1159 1669 13

96 1698 196 1776 granis
223 1700 336 1776 piperis
365 1716 400 1758 ex
428 1699 489 1756 vini
517 1697 621 1776 cyatho
650 1706 681 1757 et
707 1715 800 1776 aquae
828 1697 938 1758 calidae
962 1704 1105 1775 quantum

95 1786 224 1846 sulliciat
245 1788 341 1864 prima
365 1787 412 1845 die
436 1785 533 1867 dabis,
556 1788 693 1864 sequenti
717 1785 765 1846 dic
788 1785 857 1845 lolia
881 1788 1013 1864 quinque
1038 1804 1106 1846 cum

94 1876 195 1952 granis
215 1877 346 1953 quinque
370 1873 506 1934 similiter
524 1882 559 1934 ut
577 1891 676 1954 supra,
702 1877 788 1934 tertia
812 1874 859 1935 die
879 1875 948 1934 lolia
969 1873 1019 1933 Vll
1038 1893 1107 1935 cum

50 1981 80 2020 ao
94 1965 194 2040 granis
217 1962 268 2021 Vll
296 1963 432 2022 similiter
455 1970 488 2021 ut
512 1980 615 2041 supra,
644 1961 695 2021 sed
723 1965 842 2023 infirmo
866 1978 902 2022 ex
926 1962 1007 2023 calda
1031 1981 1107 2042 aqua

94 2049 192 2131 dabis3
222 2050 398 2110 mirabiliter
426 2059 538 2111 tussem
567 2051 701 2128 quamvis
729 2052 884 2112 molestam
907 2058 937 2111 ct
959 2060 1106 2112 vetustam
1151 2065 1153 2069 ·

94 2137 221 2199 sedabis.
690 2153 693 2157 ’
991 2155 993 2159 ’

183 2226 227 2286 nd
251 2227 394 2287 diutinam
418 2234 541 2308 tussem,
565 2245 640 2305 quac
664 2245 824 2305 numquam
849 2228 958 2288 desinit
981 2237 1011 2288 et
1034 2230 1106 2288 satis
1127 2241 1160 2288 14

94 2315 218 2375 molesta
247 2323 306 2395 est,
333 2315 518 2376 medicamen
540 2316 632 2376 facies
656 2318 713 2376 sic:
750 2316 864 2376 Laricis
886 2351 931 2359 —
949 2316 970 2396 1,
993 2317 1106 2396 piperis

52 2419 79 2461 ss
95 2435 136 2445 -·
156 2403 180 2483 1,
204 2405 285 2463 croci
310 2436 348 2448 -
369 2402 391 2480 1,
415 2422 530 2483 myrrae
554 2436 592 2446 -
614 2404 636 2483 Ι,
660 2405 804 2465 marrubii
827 2408 909 2466 tunsi
932 2406 996 2466 suci
1021 2423 1106 2484 quar·

94 2493 216 2572 tarium,
245 2492 320 2551 licus
348 2493 442 2552 siccas
469 2499 547 2571 tres,
578 2493 674 2552 mellis
704 2495 809 2571 optimi
836 2494 914 2571 quod
944 2495 1016 2553 satis
1040 2511 1106 2553 esse

93 2582 296 2640 aestimaveris
319 2597 443 2660 coques,
465 2581 539 2640 haec
562 2583 674 2659 pariter
697 2581 836 2641 miscebis
860 2590 890 2641 et
912 2589 1050 2641 conteres
1073 2600 1106 2646 ac

94 2669 138 2727 sic
167 2670 266 2728 ieiuno
294 2668 394 2728 triduo
423 2671 565 2729 continuo
593 2669 737 2729 coclearia
760 2668 874 2747 singula
898 2668 996 2748 dabis,
1020 2672 1106 2729 mira·

94 2753 175 2816 beris
199 2756 377 2836 remedium3
400 2756 452 2816 scd
477 2758 503 2815 si
525 2774 649 2816 necesse
672 2758 772 2836 suerit,
797 2758 976 2817 intermissis
1000 2756 1107 2816 diebus

49 2862 78 2902 so
94 2846 203 2904 iterum
227 2864 261 2904 ac
285 2847 404 2922 saepius
427 2843 524 2923 dabis3
547 2844 604 2904 hoc
628 2847 717 2905 etiam
740 2845 884 2922 pthisicos
908 2851 1001 2903 sanat.

182 2931 227 2992 Ad
251 2941 365 2992 tussem
389 2951 424 2991 er
447 2932 639 3011 perfrictione
660 2932 814 2992 collectam
843 2931 1025 2991 medicamen
1048 2932 1105 2992 hoc
1127 2943 1159 2992 15

94 3021 167 3081 utile
192 3029 250 3082 est:
281 3022 365 3080 Aceti
388 3022 492 3099 optimi
514 3019 676 3101 heminam,
700 3038 793 3099 aquae
816 3020 978 3099 heminam,
1001 3020 1108 3100 hysopi

94 3101 189 3194 Ml
207 3119 268 3170 tam
287 3109 339 3169 diu
362 3127 483 3187 coques,
506 3108 600 3168 donec
624 3109 659 3168 ad
682 3108 871 3168 medietatem
891 3108 1107 3191 decoquantur3

93 3204 159 3257 tum
182 3197 330 3258 heminam
353 3197 449 3257 mellis
473 3197 542 3257 boni
567 3197 735 3276 despumati
757 3197 868 3258 adicies
889 3205 920 3258 et
938 3198 1019 3258 lento
1037 3201 1106 3276 igne

166 3330 366 3400 dlexipyreas.
438 3332 667 3401 tgluttinosam.
724 3338 756 3386 10
774 3332 901 3390 foenilio.
958 3339 990 3387 12
1010 3331 1105 3401 pullei.

94 3406 129 3456 15
149 3402 301 3473 coclearia]
321 3403 485 3458 cottidiana.
581 3410 615 3458 16
633 3404 701 3474 tria]
720 3404 796 3460 trita.
892 3409 927 3458 26
945 3404 1024 3472 iussi
1034 3419 1116 3454 ozas.

93 3479 127 3530 2⁷
148 3473 337 3528 estimaveris:
357 3473 561 3531 existimaveris
581 3473 751 3548 Stephanus.
