2422 3878
529 101 768 166 -180-

88 279 122 328 30
141 267 220 326 sicut
238 271 374 324 cerotum
392 262 512 324 linteolo
532 263 683 324 inductam
697 264 801 342 inponi
815 271 940 342 oportet.
971 262 1012 322 lle
1027 281 1153 342 parony-

140 352 206 414 chia
229 353 373 431 parietcm
397 353 551 430 continges
578 359 609 411 et
636 370 757 412 rursum
785 351 911 430 digitum
934 351 1046 411 ducens
1070 351 1153 412 dices

138 449 200 503 ter:
213 439 257 501 Pu
272 459 313 519 pu
327 459 378 522 pu,
391 458 554 520 numquam
568 458 622 519 ego
637 447 667 500 te
683 440 796 500 videam
809 458 864 518 per
877 441 1022 513 parietem
1037 457 1152 517 repere.

86 543 119 592 31
228 528 273 590 Ad
296 530 457 609 digitorum
480 536 510 589 et
533 528 725 590 articulorum
750 527 918 589 subluvium
941 528 987 587 vel
1007 546 1152 606 suppura-

139 619 251 679 tionem
280 618 438 679 sedandam
465 625 663 678 atramentum
691 618 882 695 scriptorium
911 634 945 675 ex
972 625 1055 676 aceto
1078 623 1183 677 tem-a

138 721 210 787 pera
234 714 264 768 ct
286 707 323 767 de
344 705 466 786 pinnula
489 706 581 767 inliue
606 705 732 785 digitum
751 706 797 766 vel
816 703 974 766 articulum
994 704 1154 784 dolentem,

138 795 278 857 lucernae
308 813 426 874 quoque
454 795 577 874 lungum
605 801 727 855 contere
760 802 789 854 et
816 795 926 874 inpone
955 793 1153 873 paronychiae

138 883 185 944 rel
208 883 301 962 digito
324 890 459 944 contuse.

86 985 120 1034 32
228 971 272 1032 dd
291 970 385 1032 cubiti
403 974 506 1033 vitium
525 970 572 1032 rel
590 970 722 1032 delorem
741 987 846 1049 spuma
866 972 982 1049 argenti
998 972 1068 1032 trita
1083 989 1154 1031 cum

139 1058 204 1120 oleo
227 1078 350 1121 rosaceo
374 1061 527 1139 emplastri
548 1060 636 1123 mede
659 1058 773 1121 utiliter
796 1057 977 1120 admovetur.
1171 1077 1199 1117 ιο

541 1253 619 1315 CAP.
638 1251 750 1314 XVllll.

138 1367 192 1422 Ad
214 1365 384 1421 lichenem
407 1365 477 1421 sive
499 1368 713 1435 mentagram
734 1364 792 1421 vel
813 1363 1034 1434 inpetiginem
1056 1366 1090 1420 et
1109 1367 1156 1420 ad

139 1453 398 1524 elephantiasim
421 1456 456 1510 et
478 1453 609 1523 lepram
631 1455 665 1509 et
688 1453 928 1510 exanthemata
948 1456 983 1509 et
1001 1453 1155 1509 maculas

139 1547 174 1599 et
191 1543 318 1600 livores
331 1545 552 1611 tumoresque
566 1543 609 1597 de
623 1541 710 1599 faeie
728 1542 915 1599 abolendos
933 1544 968 1598 et
986 1543 1031 1597 ad
1049 1555 1156 1610 genas

139 1632 276 1688 scabres
300 1633 335 1686 et
358 1629 530 1686 cicatrices
552 1629 722 1686 malarum
744 1631 938 1701 purgandas
962 1633 997 1686 et
1020 1631 1065 1686 ad
1081 1629 1154 1687 len·

139 1720 260 1789 tigines
293 1721 329 1775 et
356 1719 512 1788 stigmata
544 1719 691 1775 delenda
721 1731 951 1788 versutiasque
982 1719 1155 1775 tollendas

232 1807 383 1864 remedia
405 1806 617 1863 rationabilia
640 1810 675 1864 et
697 1807 837 1877 physica
859 1807 993 1863 diversa
1016 1809 1058 1863 de

520 1895 771 1966 experimentis.

106 2046 120 2095 1
228 2031 272 2092 Ad
296 2031 444 2092 lichenem
467 2032 528 2093 sive
547 2039 740 2113 mentagram,
763 2031 842 2110 qued
861 2032 964 2091 vitium
983 2030 1155 2110 neglectum

140 2119 216 2179 solet
242 2137 297 2197 per
326 2128 417 2181 totam
445 2120 549 2181 laeiem
578 2128 607 2180 et
634 2137 689 2199 per
716 2127 812 2181 totum
840 2137 950 2199 cerpus
978 2137 1099 2198 serpere
1124 2129 1155 2181 et

140 2206 242 2286 plures
264 2206 400 2267 hemines
419 2210 589 2288 inquinare3
613 2225 682 2268 nam
701 2201 832 2268 Soranus
851 2207 985 2270 medicus
1004 2208 1154 2287 quondam

141 2295 278 2356 ducentis
305 2294 476 2356 hominibus
504 2296 560 2355 hec
588 2294 693 2356 merbe
720 2295 923 2357 laberantibus
951 2297 1090 2358 curandis
1121 2299 1155 2357 in

140 2382 297 2462 Aquitania
320 2401 352 2444 se
371 2382 502 2444 locarit..
522 2381 599 2445 Huic
618 2401 690 2463 erge
708 2383 869 2446 valetudini
888 2387 1013 2446 maxime
1033 2385 1197 2446 medan-15

140 2480 191 2533 tur
219 2471 405 2533 cantharides
433 2473 521 2533 tritae
548 2481 578 2533 et
603 2471 704 2534 inlitae
728 2491 797 2535 cum
820 2491 891 2535 suco
915 2491 989 2534 uvae
1012 2473 1155 2534 Amineae

141 2568 172 2622 et
194 2579 262 2623 cum
285 2579 355 2622 seve
379 2563 442 2622 ovis
464 2561 511 2622 vel
534 2580 649 2642 caprae,
673 2562 725 2623 sed
748 2564 832 2643 prius
853 2562 926 2622 lacie
945 2561 1004 2622 leta
1024 2571 1054 2622 et
1073 2564 1155 2623 nitro

106 2663 122 2712 ι
141 2650 298 2730 diligenter
317 2658 419 2713 curata
433 2650 617 2712 medicamen
631 2653 803 2731 imponitur.
832 2650 929 2729 ddeps
943 2649 1027 2710 vituli
1046 2654 1157 2713 marini

105 2751 122 2800 e
140 2741 268 2819 inposita
286 2747 455 2820 mentagrae
473 2739 635 2820 plurimum
649 2741 781 2821 prodest.
812 2738 929 2801 Ficulni
943 2739 1042 2800 caules
1057 2743 1157 2802 teneri

230 2953 246 3000 5
261 2947 439 3032 scriptorium
447 2947 615 3018 Stephanae.¹
629 2946 796 3017 scriptorum
811 2944 971 3001 Carnarius.
1020 2951 1052 3000 13
1065 2946 1155 3004 Hanc

141 3017 297 3073 lamentant
314 3019 404 3087 natea
422 3019 551 3075 Marcelli
568 3025 619 3075 ant
637 3019 749 3074 labrarir'
766 3017 934 3087 neglegentia
951 3017 1071 3085 praviter
1091 3033 1152 3074 cer·

141 3092 254 3155 ranetam
276 3103 331 3142 erse
352 3105 366 3144 e
388 3089 470 3144 Ple‘nr'
491 3095 549 3145 nat.
568 3091 629 3146 tid.
650 3087 774 3155 XXVI,
793 3090 891 3163 dame
868 3091 962 3156 p,nret
986 3089 1065 3142 cuins
1088 3089 1157 3146 haec

140 3162 207 3210 arent
220 3157 315 3212 verbm
333 3160 441 3212 certum
454 3162 499 3214 est
511 3159 658 3213 Manilium
672 3127 826 3212 Carnulum
841 3172 856 3210 e
871 3157 1009 3226 praetoris
1024 3159 1155 3228 legatum

142 3243 365 3314 Aquitanicaep
367 3243 508 3300 revincire
521 3245 567 3299 HS
583 3245 626 3300 00
645 3244 796 3299 elocasse'
787 3261 818 3298 ιιι
836 3260 870 3301 eo
886 3245 984 3300 morbo
1000 3247 1157 3303 curandum

142 3330 213 3379 sese3
228 3315 264 3382 ef.
274 3315 393 3370 Prendo·
397 3313 474 3369 Plln.
490 3315 523 3370 ele
535 3314 659 3384 neellel,
669 3319 701 3369 18
712 3315 763 3383 (ed.
773 3313 1003 3384 nosnmanliua
1014 3315 1155 3374 Cornutus

141 3385 255 3512 porpaevtptr
266 3371 632 3513 sppaeplipacpplempquitanicae
650 3357 762 3456 legatus
775 3383 865 3458 (HS)
878 3384 948 3440 CC
939 3405 970 3441 ιιι
987 3387 1040 3443 hoc
1054 3391 1157 3446 morbo
