2422 3878
540 142 779 207 -338-

152 308 178 367 si
205 307 289 383 prius
317 305 420 386 faciae,
449 313 608 384 antequam
631 313 792 366 nascantur
815 307 949 386 inguina,
978 324 1099 366 omnem
1125 308 1171 366 in·

151 395 275 472 guinum
303 393 349 453 vel
377 393 583 473 glandularum
606 393 770 454 molestiam
794 393 979 475 prohibebis,
1003 397 1030 455 si
1053 402 1172 476 postea,

97 495 132 544 22
152 482 283 543 dolorem
305 490 511 561 tumoremque
531 480 656 543 sedabis.
695 482 853 544 Surculum
874 501 992 562 quoque
1013 502 1048 543 ex
1068 492 1172 563 myrto

100 583 133 632 21
154 579 235 632 terra
257 579 369 632 tactum
393 573 418 631 si
442 572 509 649 quis
533 578 624 651 gerat,
648 569 684 631 ab
708 571 880 651 inguinibus
905 579 986 632 tutus
1010 573 1076 633 erit.
1123 571 1172 632 ln·

49 692 54 703 ·
152 659 292 738 guinibus
311 666 449 738 potenter
468 658 635 739 medebere,
657 661 683 720 si
702 660 738 720 de
752 661 821 722 licio
837 668 949 740 septem
965 661 1059 720 nodos
1074 660 1200 722 iaciasu

155 757 185 809 et
208 749 243 808 ad
269 747 400 826 singulos
424 747 528 808 viduas
551 751 686 809 nomines
710 756 740 809 et
763 767 854 828 supra
877 750 968 810 talum
992 751 1058 809 eius
1082 749 1176 827 pedis

154 836 265 914 alliges,
288 838 319 895 in
343 837 429 896 cuius
452 844 536 915 parte
560 845 649 898 erunt
671 839 800 917 inguina.

102 937 136 985 22
245 924 277 983 Si
305 922 341 983 ab
369 925 528 1003 equitando
555 933 657 985 vexata
681 926 793 986 luerint
816 928 937 1004 inguina
960 933 1012 986 aut
1034 927 1177 988 intertri-

154 1014 238 1090 gines
262 1011 417 1091 dolebunt,
441 1031 544 1092 spuma
568 1015 638 1092 equi
660 1013 814 1094 fricentur,
837 1017 938 1079 statim
960 1014 1177 1076 remediabun-

101 1112 136 1162 23
156 1108 214 1161 tur.
251 1099 373 1162 Stercus
392 1100 513 1161 suillum
532 1119 599 1162 cum
619 1101 683 1162 oleo
702 1102 878 1180 peririetum
898 1110 928 1162 et
946 1105 977 1162 in
995 1110 1073 1163 testa
1095 1105 1209 1164 cale-11

103 1201 135 1248 24
157 1188 267 1248 lactum
292 1197 321 1249 et
343 1190 516 1268 inguinibus
538 1191 702 1269 inpositum
719 1190 882 1270 plurimum
899 1191 1030 1269 prodest.
1066 1191 1177 1254 Pollex

157 1278 221 1337 eius
254 1278 351 1358 pedis,
384 1280 415 1338 in
445 1297 503 1357 quo
531 1280 653 1357 inguina
680 1287 782 1359 eruut,
815 1298 882 1339 cum
909 1281 1045 1358 proximo
1074 1280 1177 1360 digito

101 1377 136 1426 25
155 1366 263 1445 ligatus
292 1369 368 1427 mire
396 1366 540 1428 medetur.
583 1366 615 1427 Si
643 1369 709 1446 quis
737 1367 774 1428 ab
803 1367 962 1447 equitando
991 1375 1043 1428 aut
1066 1370 1177 1432 ambu-

152 1454 239 1516 lando
258 1457 369 1534 inguen
388 1455 534 1535 habuerit,
553 1455 664 1516 scribat
682 1457 714 1516 in
733 1457 835 1518 charta
851 1475 956 1530 κυστος
973 1464 1003 1516 22
1017 1457 1053 1516 ad
1070 1457 1177 1520 lemur

152 1543 209 1604 sibi
232 1544 340 1622 alliget,
364 1545 423 1604 cito
448 1543 609 1607 sanabitur.
1188 1565 1209 1607 u

98 1643 132 1691 26
241 1633 285 1692 dd
317 1631 519 1711 condylomata
548 1634 704 1711 inguinum
732 1633 779 1694 vel
807 1633 1007 1713 quarumlibet
1035 1637 1175 1711 partium

152 1720 339 1781 malicorium
363 1738 431 1781 curn
454 1722 515 1780 vini
538 1723 642 1800 optimi
666 1724 794 1782 sextario
818 1722 854 1783 ad
879 1722 999 1802 cyathos
1022 1722 1101 1783 duos
1123 1725 1174 1784 de-

153 1818 269 1870 coctum
293 1818 323 1869 et
347 1828 414 1870 cum
439 1810 542 1869 eodem
567 1812 633 1870 vino
658 1813 762 1872 tritum
786 1818 875 1890 atque
898 1819 932 1871 ut
950 1809 1097 1889 malagma
1118 1815 1173 1872 im-

99 1908 132 1957 27
153 1900 283 1977 positum
311 1897 513 1977 condylomata
542 1899 617 1959 lacta
644 1906 791 1978 persanat.
833 1898 990 1959 Medullam
1018 1901 1104 1959 canis
1135 1920 1172 1962 ex

154 1989 221 2047 vino
249 1995 348 2047 vetere
382 1985 486 2064 subige
520 1996 549 2047 et
582 1986 734 2068 emplastri
765 1987 852 2047 modo
881 1990 999 2066 impone
1028 1989 1206 2069 condylo-so

98 2086 133 2134 23
153 2077 254 2154 matis,
282 2083 419 2155 potenter
448 2093 482 2136 ea
507 2076 633 2137 sanabis.
674 2077 845 2156 drgimonia
868 2079 937 2137 trita
961 2082 991 2135 et
1014 2076 1093 2153 adipi
1121 2097 1173 2138 an-

98 2175 133 2222 23
154 2166 269 2223 serinae
289 2165 417 2223 admixta
436 2165 634 2243 impositaque
653 2165 865 2243 condylomatis
884 2165 1028 2225 medetur.
1060 2163 1172 2227 Oleum

152 2257 238 2309 vetus
263 2268 331 2309 cum
354 2250 473 2328 polenta
496 2251 644 2329 decoquas
668 2260 697 2312 et
721 2251 932 2312 calidissimum
953 2251 1173 2332 condylomatis

98 2349 132 2397 32
152 2339 295 2414 impones.
338 2337 419 2396 Folia
446 2338 515 2397 rubi
545 2342 671 2399 contrita
698 2348 819 2400 etcum
843 2348 943 2400 ceroto
968 2359 1091 2401 rosaceo
1118 2347 1173 2405 im-

95 2437 129 2486 31
150 2425 250 2504 posita
273 2431 379 2484 sanant
401 2426 498 2484 omnia
522 2425 733 2506 condylomata.
771 2427 869 2507 ddeps
892 2431 1006 2488 anseris
1031 2448 1101 2490 cum
1122 2452 1172 2493 ce·
1186 2448 1207 2490 n

152 2531 237 2574 russa
271 2521 300 2574 et
334 2513 398 2573 oleo
427 2531 548 2574 rosaceo
577 2525 607 2576 et
639 2534 707 2576 cera
739 2515 861 2577 Pontica
890 2519 920 2577 in
949 2536 1041 2577 unum
1071 2524 1174 2582 ceroti

153 2602 240 2664 modo
265 2604 427 2682 composita
452 2610 481 2663 et
499 2605 636 2682 imposita
655 2604 768 2665 utiliter
788 2604 1000 2686 condylomatis
1019 2607 1173 2672 medetur.

98 2704 132 2753 32
153 2692 219 2754 Μ22
243 2711 378 2773 araneus,
402 2694 454 2772 qui
477 2712 545 2753 cum
566 2695 597 2753 in
616 2693 743 2754 orbitam
762 2695 902 2755 inciderit
920 2696 1056 2777 moritur,
1079 2706 1173 2760 ustus

151 2784 182 2842 in
203 2783 335 2842 cinerem
354 2781 492 2841 redactus
514 2789 630 2843 etcum
650 2784 734 2863 adipe
754 2786 890 2843 anserina
910 2785 1076 2861 permixtus
1098 2805 1171 2848 con-

153 2869 307 2950 dylomatis
330 2870 469 2931 inlrictus
493 2872 602 2931 mirum
624 2871 789 2931 remedium
813 2872 917 2932 adfert.
1185 2893 1209 2934 22

98 2972 133 3019 33
242 2959 286 3019 lu
313 2960 518 3037 intertrigines
546 2960 691 3022 sanandas
718 2960 847 3040 libystici
875 2960 951 3020 loliis
975 2967 1171 3026 commandu-

153 3049 226 3107 catis
256 3066 361 3109 sucum
386 3058 542 3126 exceptum
567 3050 592 3108 si
616 3051 644 3109 ei
666 3049 731 3109 loco
755 3050 942 3128 adposueris,
970 3068 1038 3109 cum
1063 3070 1171 3116 morsu

100 3146 134 3194 34
154 3136 287 3216 quidem,
321 3136 372 3196 sed
401 3139 542 3198 continuo
571 3137 697 3200 sanabis,
743 3137 840 3199 Gallae
868 3146 1009 3198 contusae
1037 3141 1069 3199 in
1099 3146 1171 3204 vino

98 3234 134 3283 35
155 3231 256 3282 coctae
276 3230 364 3301 atque
383 3225 538 3302 impositae
557 3228 739 3304 intertrigini
757 3226 917 3304 plurimum
937 3235 1072 3303 prosunt.
1106 3231 1172 3293 Cal·

239 3361 256 3409 4
274 3358 349 3410 terra
367 3359 489 3430 tactum]
514 3360 654 3430 legendum
671 3361 779 3415 uidetur
796 3361 872 3413 terra
890 3377 945 3414 non
966 3363 1085 3431 tactum,
1107 3383 1172 3423 oum

149 3430 185 3483 ait
208 3429 285 3498 apud
303 3428 378 3482 Plio.
396 3427 433 3494 ΙΙ,
454 3434 486 3482 21
507 3432 564 3498 (ed.
583 3431 674 3498 Ros.):
703 3430 751 3498 qui
774 3429 879 3484 habeat
902 3447 996 3485 secum
1022 3437 1171 3493 surculum

151 3515 185 3552 ex
203 3503 296 3570 myrto
315 3516 366 3554 neo
384 3497 457 3553 ferro
477 3514 528 3553 nec
547 3503 623 3556 terra
640 3503 759 3568 laetum
779 3501 814 3568 cf.
834 3501 909 3557 Plio.
925 3520 954 3558 n.
967 3504 993 3558 b.
1009 3509 1052 3573 23,
1070 3512 1134 3563 163.
