2422 3878
541 106 779 170 *160-

155 273 327 349 priusquam
347 269 507 329 dormitum
527 275 583 348 eat,
602 269 742 329 tussienti
757 269 816 327 tria
831 268 977 346 catapotia
991 260 1160 350 devoranda,

156 359 186 419 id
210 367 256 418 est
276 357 531 437 transgluttienda,
556 357 633 437 dato,
657 374 748 436 super
767 374 842 435 quae
861 363 924 416 tres
942 374 1039 435 aquae
1059 355 1160 417 calidae

157 447 278 526 cyathos
300 446 445 525 potandos
468 446 590 526 adicitc;
617 445 674 505 boc
702 445 834 505 remedio
858 452 1006 505 nocturna
1029 447 1108 505 tussi
1127 444 1161 505 la·

102 550 136 599 aa
158 536 310 596 borantem
329 539 388 596 cito
403 535 552 595 liberabis.
578 533 743 594 Ventriculi
757 533 911 613 gallinacei
924 531 1162 608 membranulam,

156 644 213 703 qua
242 624 346 685 sordes
375 622 534 702 aqualiculi
561 624 765 702 continentur,
793 621 952 682 arefactam
980 623 1073 682 terito
1105 620 1181 682 dili-t

156 723 260 791 genter
284 719 314 772 et
337 730 404 772 cum
428 713 495 771 rino
519 713 604 788 potui
631 710 713 790 dato,
740 710 871 771 umidam
898 718 1014 770 tussem
1043 709 1163 770 sedabis.

103 821 136 868 29
244 801 370 860 Tussem
398 801 531 878 quamvis
559 817 678 878 gravem
706 801 852 858 maiorum
880 805 952 858 natu
980 798 1163 884 intravquin·

157 908 214 968 que
239 889 310 967 dies,
334 886 525 967 parvulorum
549 889 637 948 etiam
660 889 739 948 intra
761 887 894 969 triduum
917 893 1010 968 sanat,
1035 889 1089 966 qui
1111 885 1164 947 sul·

156 979 240 1056 puris
263 978 341 1057 triti,
366 983 510 1056 quantum
539 976 635 1037 tribus
664 976 764 1055 digitis
787 993 893 1053 capere
917 982 1032 1056 potest,
1059 977 1093 1036 in
1115 993 1163 1035 ovo

157 1067 317 1126 semicocta
337 1064 441 1125 sorbili
459 1083 513 1144 per
532 1065 665 1125 triduum
684 1067 784 1125 ieiuno
804 1072 856 1124 aut
876 1081 930 1142 per
950 1065 1086 1143 quinque
1106 1063 1194 1124 diesn

103 1171 138 1219 ao
157 1154 280 1214 dederit.
316 1153 492 1233 Hyoscyami
511 1186 552 1196 -
568 1152 589 1232 l,
608 1153 740 1231 sulpuris
759 1155 951 1233 semunciam,
973 1151 1053 1213 fellis
1072 1159 1166 1213 terrae

159 1275 196 1286 -
214 1241 236 1322 l,
254 1244 367 1321 piperis
389 1243 466 1322 -l,
489 1244 644 1320 gentianae
662 1274 707 1284 -
720 1241 742 1323 l,
765 1243 828 1320 opii
846 1233 922 1327 21,
940 1239 1077 1302 marrubi
1093 1239 1166 1320 -l,

157 1329 252 1391 mellis
276 1331 443 1410 despumati
467 1339 610 1410 quantum
634 1330 764 1390 sulliciat
786 1348 876 1407 supra
899 1330 987 1390 dictis
1011 1327 1166 1408 speciebus

156 1423 235 1480 tritis
263 1420 461 1499 cribratisque
492 1418 631 1480 miscebis
659 1437 692 1479 ac
720 1417 824 1479 leviter
854 1418 1018 1498 decoques;
1046 1417 1117 1478 inde
1144 1418 1167 1476 si

157 1511 224 1587 quis
251 1511 329 1569 tussi
356 1511 485 1587 graviter
513 1505 745 1588 conflictabitur,
778 1505 928 1586 pastillum
955 1506 992 1566 ad
1022 1508 1198 1585 magnitu-te

157 1598 257 1658 dinem
275 1598 358 1658 fabae
377 1600 496 1656 ieiunus
515 1614 601 1655 mane
619 1595 736 1656 hauriat
759 1605 789 1657 et
811 1597 843 1655 in
861 1601 979 1655 noctem
999 1613 1070 1655 cum
1088 1594 1168 1655 calda

62 1726 65 1732 ·
157 1705 233 1764 aqua
261 1686 351 1746 alium
378 1684 527 1763 pastillum
557 1683 652 1764 bibat;
680 1684 791 1744 bonum
817 1683 900 1744 valde
924 1690 954 1743 et
977 1682 1053 1744 utile
1076 1701 1168 1744 reme·

157 1775 238 1835 dium
262 1776 441 1852 experietur.

104 1877 137 1925 31
247 1862 352 1922 Scillae
376 1860 500 1922 bulbum
523 1879 618 1921 unum
640 1868 799 1940 purgatum
823 1859 920 1921 tribus
944 1859 1115 1921 terroribus
1139 1862 1169 1919 in

157 1970 233 2030 aqua
256 1951 406 2030 decoquas
434 1957 464 2010 et
491 1968 526 2010 ex
556 1968 591 2010 ec
620 1949 698 2027 quod
725 1950 817 2010 tuerit
839 1949 1036 2010 tenerrimum
1061 1964 1201 2029 sumes,eo

158 2040 320 2098 idest-
350 2038 417 2120 ttll,
444 2039 566 2117 panacis
594 2045 624 2097 et
651 2040 705 2098 iris
730 2037 862 2116 Illyricae
891 2034 971 2114 drag.
1000 2046 1169 2117 quaternas,

158 2129 333 2187 ammoniaci
354 2160 391 2170 -
408 2128 444 2187 ll.
476 2127 556 2188 llaec
580 2129 677 2186 omnia
697 2126 853 2204 diligenter
872 2133 961 2207 teres,
984 2126 1037 2186 sed
1057 2125 1169 2186 scillam

158 2232 294 2275 seorsum
317 2216 504 2297 confricabis,
523 2225 586 2276 tum
606 2217 703 2276 omnia
723 2214 886 2275 confundes
906 2222 936 2274 et
949 2210 1046 2274 mellis
1066 2216 1171 2293 optimi

158 2304 324 2382 despumati
347 2304 383 2364 ad
407 2304 604 2383 colligendum
629 2306 661 2364 in
684 2322 776 2363 uniam
799 2303 982 2364 medicamen
1007 2303 1087 2381 quod
1110 2304 1169 2363 sui·

158 2394 238 2454 ficiat
260 2395 361 2453 mittes
384 2403 472 2473 atque
495 2392 564 2452 inde
588 2391 733 2452 laboranti
755 2410 810 2470 per
833 2390 966 2452 cocleare
989 2390 1036 2451 bis
1055 2392 1102 2452 vel
1120 2399 1167 2452 ter
1180 2405 1202 2446 aa

158 2481 263 2543 diebus
287 2482 411 2560 singulis
435 2480 531 2561 dabis;
555 2483 634 2540 intra
657 2481 721 2541 dies
744 2488 858 2559 septem
881 2483 970 2540 etiam
994 2482 1170 2558 sanguinem

158 2579 347 2630 excreantem
370 2577 400 2630 et
422 2577 556 2631 vetustae
574 2571 667 2630 tussis
690 2569 824 2629 molestia
847 2568 999 2648 liberabis,
1023 2567 1096 2628 dum
1119 2577 1172 2628 aut

158 2659 298 2718 deorsum
321 2665 467 2737 purgatur
490 2666 541 2718 aut
564 2676 618 2736 per
641 2659 783 2717 vomitum
812 2658 935 2735 pituitae
958 2659 1087 2717 interius
1110 2657 1170 2716 col-

104 2760 139 2808 32
158 2747 252 2807 lectae
279 2766 366 2808 umor
393 2747 564 2807 effunditur.
604 2745 686 2806 Folia
709 2745 793 2824 ulmi,
818 2763 893 2823 quae
916 2747 1062 2805 orientem
1087 2763 1171 2824 spec-

158 2844 230 2916 tant,
254 2854 322 2897 cum
344 2836 457 2915 piperis
480 2837 580 2914 granis
603 2834 736 2913 totidem,
758 2832 811 2892 sed
829 2835 936 2912 impari
954 2823 1080 2893 numero
1100 2836 1169 2893 trita
1183 2849 1206 2888 eo

159 2933 188 2984 et
207 2944 276 2985 cum
294 2924 419 2985 Falerno
438 2927 506 2985 vino
525 2943 541 2984 a
559 2925 659 2984 ieiuno
679 2929 795 3000 sumpta
811 2923 898 2982 etiam
912 2921 1088 3000 purulentas
1107 2929 1170 2982 tus·

104 3026 138 3074 33
159 3031 206 3072 ses
221 3022 359 3091 potenter
374 3014 539 3074 emendant.
571 3011 646 3089 Salis
665 3016 807 3090 quantum
825 3011 904 3070 intra
925 3008 1052 3088 palmam
1066 3017 1170 3070 tenere

158 3108 258 3177 potest
275 3103 327 3178 qui
346 3105 454 3162 tussiet
471 3105 501 3163 in
520 3104 671 3180 potionem
691 3117 828 3160 cervesae
847 3107 899 3160 aut
914 3101 1009 3159 curmi
1024 3100 1123 3159 mittat
1140 3107 1171 3158 et

159 3187 286 3247 calidum
306 3187 394 3268 bibat,
414 3209 483 3249 cum
502 3191 662 3250 dormitum
680 3189 769 3270 vadit,
787 3206 884 3267 neque
899 3197 1001 3267 postea
1021 3188 1169 3267 loquatur,

229 3393 405 3448 tlibercuis.
467 3399 499 3448 t't
519 3393 602 3465 aqna]
624 3411 714 3462 quam.
773 3400 808 3448 et
827 3392 970 3448 liberauis.
1025 3399 1060 3448 33
1082 3393 1169 3448 cerui-

159 3481 206 3519 sae
227 3464 385 3520 Carnarius.
453 3471 488 3518 34
507 3465 644 3534 loquetur.
