2422 3878
510 100 816 198 -aaa-⁴

72 315 106 363 23
216 299 344 360 Cornum
369 298 452 358 bovis
477 296 635 358 combures
658 315 694 356 ex
718 314 752 356 ea
774 305 872 375 parte,
896 315 953 375 qua
977 300 1071 377 capiti
1093 300 1142 360 ad-

125 388 242 469 haeret,
270 397 301 449 et
328 390 358 448 in
387 386 539 466 pulverem
568 387 776 446 tenuissimum
804 385 905 464 redige
930 395 1019 466 atque
1045 406 1081 449 ex
1106 408 1142 449 eo

125 477 247 555 pulvere
270 476 415 538 coclearia
438 475 498 536 duo
522 493 589 534 cum
613 492 706 551 aquae
731 472 842 534 calidae
861 475 975 553 cyathis
995 475 1093 538 tribus
1112 486 1143 538 et

126 566 246 645 paululo
270 567 347 626 aceti
369 566 469 624 ieiuno
493 562 650 641 splenitico
676 581 731 642 per
754 563 886 623 triduum
910 563 947 623 da
969 563 1143 626 bibendum.

73 669 107 717 24
215 654 398 733 Cataplasma
418 652 454 712 ad
469 651 611 732 splenem,
631 650 709 730 quod
724 650 880 712 lanuarius
894 652 1028 714 medicus
1044 664 1168 715 osten-⁶

127 745 184 825 dit,
209 746 265 804 sic:
288 740 426 821 Pyretbri
451 773 490 784 —
510 739 560 820 lll,
583 739 765 819 myrobalani
790 773 828 783 -
849 739 899 822 lll,
923 744 1009 819 grani
1031 745 1143 823 sinapis

129 866 166 876 -
190 832 245 911 lll,
270 829 449 891 cardamomi
473 860 515 871 -
534 828 587 909 lll,
611 830 725 889 urticae
750 831 872 889 seminis
894 862 938 873 -
957 830 1007 912 lll,
1030 833 1143 912 piperis

129 954 166 964 -
189 919 237 979 lll.
279 918 358 978 llaec
387 920 484 977 omnia
513 924 593 977 teres
616 924 646 977 et
670 916 816 977 cribrabis
839 917 997 998 diligenter
1021 928 1144 981 etcum

128 1017 212 1070 aceto
237 1006 372 1071 scillitico
396 1004 600 1086 permiscebis,
624 1013 658 1066 ut
680 1024 773 1066 unum
797 1024 906 1086 corpus
930 1008 1030 1088 iacias,
1054 1015 1143 1088 atque

129 1098 198 1158 inde
228 1096 404 1175 cataplasma
432 1097 464 1155 in
491 1112 589 1174 panno
617 1095 710 1155 denso
739 1113 829 1174 supra
852 1095 985 1174 splenem
1008 1098 1144 1177 inpones,
1157 1110 1180 1150 1⁰

23 1194 25 1197 ’
131 1186 183 1247 sed
207 1187 291 1264 prius
316 1184 414 1244 locum
432 1186 540 1263 ipsum,
564 1184 614 1243 cni
634 1183 819 1244 medicamen
838 1187 1023 1262 inpositnrus
1042 1204 1085 1268 es,
1108 1205 1144 1246 en

130 1277 209 1336 nitro
238 1292 314 1352 aqna
341 1275 468 1333 remisso
496 1271 619 1352 lavabis,
649 1274 690 1332 ita
721 1281 754 1333 ut
783 1290 887 1351 spuma
915 1273 975 1333 vel·
992 1275 1144 1354 pinguedo

130 1366 203 1424 nitri
225 1363 285 1422 illic
309 1361 474 1423 adhaereat.

76 1465 109 1513 25
219 1451 402 1530 Cataplasma
430 1450 466 1510 ad
495 1449 627 1529 splenem
656 1451 693 1511 de
721 1453 924 1530 experimento
955 1454 1012 1513 sic:
1046 1453 1144 1516 Alium

129 1540 270 1621 purgabis
293 1549 324 1601 et
347 1547 415 1600 ante
439 1538 518 1598 diem
541 1539 572 1598 in
591 1547 708 1600 acetum
728 1542 905 1601 acerrimum
924 1541 1066 1603 infundes
1084 1563 1144 1605 ma·
1159 1553 1181 1595 1⁵

128 1640 210 1711 tnre3
240 1647 308 1690 cum
337 1630 491 1707 positurus
519 1629 592 1707 eris,
621 1635 700 1688 teres
730 1647 798 1689 cum
825 1631 891 1708 ipso
914 1637 1011 1712 aceto,
1038 1632 1085 1692 vel
1109 1633 1145 1693 de

130 1728 213 1779 aceto
234 1717 393 1796 sublatum,
411 1718 452 1776 ita
472 1723 505 1775 ut
525 1717 654 1795 spissum
674 1719 722 1797 sit,
742 1719 821 1778 sicut
835 1718 1011 1798 cataplasma
1027 1729 1058 1780 et
1072 1723 1146 1801 tepi-

130 1808 200 1869 dum
226 1824 315 1884 supra
340 1804 473 1883 splenem
497 1804 628 1882 adpones
652 1813 682 1866 et
705 1805 795 1866 lascia
819 1806 981 1885 conligahis
999 1816 1031 1868 et
1050 1812 1146 1870 uteris

130 1915 225 1974 usque
245 1895 280 1955 ad
300 1895 388 1953 boras
407 1893 538 1974 prandii,
556 1893 613 1954 boc
634 1896 660 1954 si
678 1894 779 1955 triduo
798 1897 939 1956 continuo
954 1914 1028 1958 usus
1043 1898 1147 1980 fueris,

130 1987 238 2044 mirum
262 1982 427 2043 remedium
451 1985 623 2063 experieris,
647 1983 698 2043 sed
722 1985 864 2062 patientia
883 2002 958 2062 opus
977 1993 1025 2046 est
1043 1987 1146 2048 adver·
1159 1998 1181 2039 2⁰

130 2092 195 2133 sum
220 2075 279 2132 vim
303 2072 516 2151 medicaminis,
540 2071 619 2150 qnod
643 2070 711 2150 plus
733 2072 877 2154 proderit,
901 2075 927 2133 si
949 2082 1055 2153 postea
1074 2075 1146 2137 bali-

131 2164 197 2221 neis
220 2162 315 2220 utaris
338 2170 367 2220 et
390 2162 421 2219 in
445 2160 518 2219 solio
543 2158 636 2220 calido
660 2160 712 2220 diu
736 2159 870 2221 fovearis

79 2262 112 2309 26
221 2246 337 2307 Herbae
362 2246 540 2328 cyclaminis,
564 2267 639 2327 quae
663 2247 839 2309 orbicularis
864 2249 1039 2333 appellatur,
1063 2253 1146 2314 radix

133 2353 277 2414 suspensa
301 2334 385 2414 collo,
408 2337 449 2394 ita
473 2343 506 2395 nt
530 2346 632 2397 contra
656 2336 764 2397 lienem
788 2337 936 2398 dolentem
960 2339 1000 2399 sit
1018 2339 1146 2424 alligata,

78 2437 112 2486 at
132 2425 294 2485 efficaciter
313 2422 458 2484 medetur.
489 2422 575 2484 Porri
593 2427 736 2504 primitivi
754 2428 858 2487 sectivi
877 2444 968 2488 sucus
982 2445 1145 2508 expressus
1157 2439 1179 2480 2⁶

131 2522 161 2574 et
195 2519 278 2573 aceto
306 2513 372 2590 pari
399 2530 539 2573 mensura
567 2515 711 2574 inmixtus
739 2514 957 2595 absorptusqnc
986 2534 1001 2576 a
1031 2517 1144 2579 lienoso

76 2616 110 2664 28
130 2605 248 2681 saepius
275 2601 405 2680 prodest.
453 2601 658 2680 Chamaepitys
679 2618 749 2663 'cnm
774 2603 917 2683 oxymelle
941 2613 972 2664 et
994 2604 1144 2668 absinthio

128 2691 251 2772 paribus
279 2692 429 2751 mensuris
458 2690 579 2750 decocta
608 2700 638 2750 et
667 2694 752 2769 potui
783 2691 850 2752 data
880 2692 995 2753 utiliter
1022 2694 1146 2757 lienosis

75 2794 108 2843 29
128 2782 270 2842 occurrit.
307 2778 405 2839 Herba
430 2778 576 2859 salutarie,
599 2778 630 2839 id
654 2788 701 2840 est
724 2782 808 2858 spina
832 2780 904 2861 alba,
929 2799 987 2860 qua
1005 2781 1145 2846 Christus

129 2877 288 2932 coronatus
312 2876 370 2948 est,
400 2886 475 2946 quae
499 2866 581 2927 velut
602 2886 690 2927 uvam
717 2868 820 2948 babet,
849 2868 957 2930 lienem
980 2870 1093 2935 leniter
1115 2876 1179 2934 ineo

75 2971 108 3019 30
128 2961 231 3020 eodem
255 2959 320 3018 loco
344 2957 503 3036 perfricata
526 2955 649 3016 sanabit.
686 2955 765 3036 Equi
787 2957 888 3036 lingua
910 2957 1042 3021 arefacta
1061 2971 1092 3022 et
1111 2963 1146 3023 ad

129 3048 277 3107 levitatem
300 3047 369 3106 trita
390 3053 478 3125 atque
498 3063 532 3104 ex
552 3047 620 3105 vino
639 3047 723 3123 potui
742 3046 808 3106 data
826 3048 964 3126 protinus
983 3048 1145 3112 utilitatem

129 3153 211 3194 suam
236 3134 337 3195 sedato
360 3134 447 3194 lienis
472 3133 573 3194 dolore
596 3134 773 3195 manifestat.

75 3234 108 3281 31
219 3221 341 3282 Stercus
364 3222 510 3282 mulinum
535 3241 602 3283 cum
626 3223 770 3302 oxymelle
792 3223 915 3284 lienosis
937 3227 1026 3303 potui
1044 3227 1146 3290 datum

76 3323 109 3369 32
129 3309 246 3369 dolores
262 3309 423 3368 efficaciter
438 3308 522 3368 tollit.
546 3309 686 3371 Hircinus
701 3311 785 3390 splen
800 3312 922 3392 calidus,
936 3313 967 3373 id
982 3322 1032 3376 est
1046 3320 1178 3379 statiua

220 3502 253 3551 14
271 3494 369 3549 allium
390 3495 549 3550 Ooruarlus.
