2422 3878
536 128 773 192 -186-

96 303 130 353 66
149 293 336 370 continuum,
365 293 390 359 si
418 292 458 349 ita
486 306 609 349 necesse
639 289 742 368 luerit,
773 291 876 350 uteris.
922 289 1026 349 Pulmo
1055 289 1164 349 ovillus

149 397 236 458 quam
260 379 484 439 recentissimus
507 379 659 456 protinus,
683 376 752 437 dum
772 378 868 438 adhuc
890 385 985 456 tepet,
1008 377 1163 456 adpositus

96 470 289 530 6066661666
318 467 440 528 discutit
470 473 500 526 et
533 474 678 544 expurgat
710 465 827 527 livores.
873 466 940 526 Alni
972 465 1041 525 folia
1073 484 1163 544 quam

148 556 275 634 plurima
294 563 324 616 et
339 557 469 615 recentia
484 558 684 633 superinpone
699 561 730 614 et
744 555 838 635 alliga,
853 554 1020 615 medeberis
1038 558 1163 636 tumori3

148 644 270 705 livorem
294 661 363 704 vero
387 645 476 703 etiam
499 660 581 721 eum,
609 645 660 722 qui
686 643 723 703 de
748 646 890 722 sanguine
914 642 1057 704 collectus
1081 644 1190 705 vide-a

96 745 129 794 61
150 733 243 813 bitur,
266 731 360 793 tolles.
401 731 591 791 Absinthium
615 733 719 792 tritum
744 740 865 792 etcum
890 732 975 791 melle
999 732 1164 810 diligentis·

149 825 223 882 sime
250 820 405 882 subactum
435 819 617 897 malagmatis
645 819 732 880 modo
761 822 932 898 impositum
964 820 1072 881 livores
1103 824 1164 882 cito

62 948 68 959 ,
97 921 130 971 62
150 912 266 970 eximet.
306 907 404 968 Vitelli
427 926 551 968 ovorum
574 910 761 969 incautorum
785 910 923 988 coagitati
947 915 977 969 et
996 909 1072 969 inliti
1091 908 1164 969 livo-

149 1015 207 1078 res,
231 998 283 1076 661
305 1015 341 1057 66
360 1005 477 1058 tumore
496 1004 547 1057 aut
565 996 728 1058 conlisione
747 996 845 1076 aliqua
864 998 935 1058 iacti
955 1006 1051 1078 erunt,
1071 999 1164 1058 ctiam

148 1093 265 1147 veteres
288 1093 456 1146 extenuant.
1179 1103 1202 1144 10

95 1187 129 1236 66
237 1175 281 1234 td
305 1173 462 1252 lentigines
483 1173 519 1235 de
539 1173 613 1235 iacie
632 1173 776 1235 tollendas
794 1173 964 1235 lenticulam
983 1191 1050 1234 cum
1070 1173 1163 1235 scobe

149 1265 233 1324 tenui
260 1262 296 1324 de
325 1281 415 1323 corno
445 1265 565 1324 cervino
598 1271 628 1324 et
660 1281 762 1324 sevum
796 1264 947 1323 cervinum
978 1264 1089 1342 pariter
1117 1263 1163 1324 di-

148 1351 227 1432 vide,
260 1370 355 1430 coque
384 1359 413 1412 et
441 1359 504 1412 6666
533 1360 621 1431 atque
654 1351 722 1411 inde
756 1350 861 1413 faciem
889 1350 934 1412 661
962 1357 1029 1411 6666
1057 1350 1164 1412 horam

147 1440 246 1502 balnei
269 1440 314 1501 661
337 1442 425 1502 etiam
448 1443 480 1501 in
499 1440 604 1501 balneo
623 1440 797 1518 frequenter
814 1439 940 1519 inlinito,
963 1441 1003 1499 ita
1022 1448 1056 1500 ut
1075 1443 1164 1519 quasi

147 1548 201 1609 pro
230 1547 304 1609 pane
332 1529 414 1590 molli
442 1532 548 1609 utaris3
577 1529 816 1589 efficacissimum
839 1528 1088 1589 medicamentum
1111 1547 1162 1588 ex·
1177 1546 1202 1587 15

148 1620 287 1699 perieris,
320 1619 372 1678 sed
404 1616 561 1678 lenticulae
590 1619 684 1677 maior
712 1635 782 1697 pars
813 1618 864 1698 sit,
897 1635 1007 1678 cornus
1041 1625 1071 1677 et
1099 1620 1163 1678 sevi

148 1706 278 1786 aequalis
301 1724 448 1767 mensura.

94 1805 129 1854 64
237 1794 365 1855 llerbam
388 1794 603 1875 verrucariam,
630 1792 660 1854 id
689 1801 735 1855 est
757 1793 981 1875 heliotropium,
1005 1802 1162 1854 contusam

148 1894 177 1945 et
205 1882 356 1944 subactam
385 1882 499 1943 adiecta
526 1880 596 1943 salis
623 1884 698 1943 mica
732 1883 955 1962 adpositamque
984 1882 1160 1943 malandria-

148 1975 189 2033 sis
217 1972 264 2033 661
291 1971 352 2052 his,
381 1973 433 2050 qui
460 1988 600 2032 verrucas
631 1972 798 2051 patiuntur,
826 1972 969 2050 prodesse
996 1971 1162 2049 plurimum
1176 1989 1202 2029 ro

94 2071 128 2120 66
148 2068 272 2121 constat.
309 2059 507 2120 Verrucarum
526 2076 636 2138 genera
655 2061 752 2120 omnia
771 2059 833 2120 limi
851 2061 950 2120 canini
968 2061 1065 2120 exusti
1084 2061 1162 2122 cinis

148 2157 233 2209 curat
255 2151 426 2229 impositus,
450 2149 536 2208 urina
560 2165 678 2226 quoque
698 2150 780 2208 canis
803 2166 871 2209 cum
891 2166 944 2209 suo
964 2149 1079 2209 recenti
1097 2147 1161 2209 luto

94 2235 229 2297 66161166
253 2235 415 2314 plurimum
437 2235 568 2314 prodest.
609 2235 735 2314 Sanguis
758 2255 864 2297 recens
887 2239 980 2298 muris
1003 2238 1095 2297 occisi
1114 2237 1161 2296 vel

147 2327 211 2403 ipse
234 2342 301 2384 mus
325 2324 436 2383 divisus
460 2333 548 2402 atqua
569 2324 722 2402 adpositus
742 2333 826 2387 sanat
844 2333 874 2386 et
893 2324 991 2386 abolet
1009 2343 1160 2386 verrucas.

94 2425 128 2474 66
147 2413 250 2474 Fimus
274 2411 378 2473 ovillus
401 2430 507 2474 recens
531 2412 667 2472 manibus
691 2412 832 2475 subactus
855 2422 885 2474 et
904 2414 1057 2493 emplastri
1075 2431 1159 2475 more
1174 2431 1199 2473 aa

147 2501 300 2581 adpositus
324 2501 458 2580 deterget
480 2519 628 2562 verrucas.

93 2603 127 2652 66
235 2592 279 2652 Ad
300 2590 446 2653 lichenem
465 2589 548 2651 labae
567 2590 678 2651 1661666
698 2592 815 2652 unciam
834 2590 855 2671 l,
874 2589 953 2651 faeni
973 2592 1073 2670 graeci
1092 2590 1159 2651 iari-

146 2699 201 2741 nae
229 2681 348 2743 unciam
371 2678 396 2754 1,
426 2681 556 2741 samsuci
583 2681 701 2741 unciam
724 2678 750 2760 1,
778 2680 889 2741 farinae
912 2679 1017 2740 hordei
1040 2682 1160 2740 unciam

147 2788 244 2852 unam,
264 2768 429 2850 aphronitri
443 2771 562 2831 unciam
578 2768 607 2850 S,
625 2768 777 2848 sulphuris
792 2770 909 2830 unciam
925 2767 955 2848 S,
970 2769 1032 2828 ervi
1047 2768 1159 2829 farinae

146 2862 263 2921 unciam
289 2859 316 2921 S.
358 2858 437 2920 Haec
466 2859 563 2919 omnia
589 2859 621 2918 in
643 2857 784 2937 pollinem
806 2859 1015 2918 tenuissimum
1039 2857 1160 2918 redacta
1174 2873 1201 2915 ao

146 2960 229 3010 aceto
253 2948 373 3027 colliges
397 2955 427 3008 66
449 2946 644 3027 permiscebis
668 2954 698 3008 at
720 2949 761 3008 ita
784 2945 893 3008 lichcni
917 2945 1055 3024 adpones.
