2422 3878
517 131 758 195 —238—

135 304 165 355 et
193 313 291 374 panno
319 295 475 354 inductum
504 313 594 373 super
623 294 756 372 splenem
783 295 916 373 inponite
940 303 970 355 et
993 313 1052 355 una
1076 296 1152 356 hora

135 384 261 444 calidum
285 382 395 444 habere
419 385 571 463 permitte,
600 385 726 443 maximo
751 400 819 443 eum
842 382 975 462 periculo
999 383 1152 466 liberabis,

135 474 161 532 si
184 474 302 551 saepius
325 473 355 532 id
380 471 495 532 feceris.

81 573 114 620 39
223 560 287 621 Alei
309 563 429 639 purgati
451 562 548 638 capita
567 561 632 640 tria,
651 560 745 639 adipis
764 562 904 640 porcinae
923 562 1048 620 nimium
1068 570 1150 622 vetu-

135 658 227 711 statae
250 650 282 709 P.
306 667 399 709 unom
423 648 511 708 simul
534 657 672 708 conteres
692 657 721 709 et
743 667 841 727 panno
860 648 984 709 induces
1008 657 1038 709 et
1058 666 1178 729 supras

135 738 267 798 dolorem
290 738 376 797 lienis
400 739 525 815 inpones
549 747 579 797 et
602 737 690 796 lascia
715 737 884 816 conligabis.

81 838 115 885 40
223 826 320 905 Canii,
348 825 379 884 id
403 832 449 885 est
472 826 600 905 cicutae,
624 825 733 886 radicis
757 825 789 886 P.
813 844 919 907 unum,
947 825 1043 904 adipis
1067 836 1149 888 retu·

135 923 227 974 statae
246 913 379 973 hircinae
398 912 429 973 P.
450 931 552 995 unum,
571 914 626 973 alei
645 916 765 992 purgati
783 914 814 974 P.
834 932 935 989 unum,
955 914 1013 975 olei
1032 916 1149 976 cedrini

134 1001 164 1062 P.
188 1020 282 1062 unum
306 1001 393 1062 simul
416 1011 496 1062 teres
520 1010 550 1062 et
572 1020 667 1080 genus
690 1003 872 1082 malagmatis
895 1003 986 1063 facies
1007 1011 1038 1064 et
1057 1022 1149 1082 supra

134 1090 267 1170 splenem
295 1089 428 1168 alligabis
455 1108 510 1151 nec
540 1098 608 1151 ante
637 1099 775 1169 quartum
804 1091 882 1151 diem
905 1091 1014 1172 solves3
1042 1096 1187 1153 certis-10

134 1181 238 1239 simam
262 1180 339 1238 scies
362 1178 438 1238 hanc
462 1198 528 1240 esse
551 1179 736 1240 medicinam.

80 1277 113 1324 41
224 1266 376 1346 Optimum
399 1266 495 1347 spleni
517 1268 683 1328 remedium
702 1267 759 1328 tale
779 1275 837 1328 est:
861 1267 1022 1328 Gentianae
1041 1277 1149 1330 tunsae

134 1356 306 1416 cocliarium
335 1355 503 1437 dimidium,
536 1356 613 1417 lellis
646 1365 742 1417 terrae
773 1364 879 1417 tunsae
911 1357 1049 1417 cocliaria
1083 1361 1149 1439 tria,

135 1444 254 1505 feniculi
278 1447 361 1505 tunsi
384 1444 509 1505 cocliare
533 1464 625 1506 unum
650 1453 679 1505 et
702 1445 858 1506 dimidium
881 1444 965 1506 bibes
989 1448 1148 1525 expirato

133 1553 215 1594 mero
239 1533 285 1593 vel
310 1535 394 1612 nigro
419 1541 538 1594 austero
562 1533 722 1613 tepefacto,
750 1535 791 1594 ita
816 1542 850 1594 ut
874 1532 1032 1613 diligenter
1056 1550 1186 1614 supra15

133 1626 262 1701 scriptae
291 1624 406 1700 species
435 1620 581 1682 cribratae
609 1624 640 1682 in
667 1623 807 1702 pollinem
838 1622 1011 1701 redigantur
1044 1632 1075 1684 et
1105 1626 1148 1684 sic

133 1714 378 1789 permisceantur.

79 1807 112 1855 42
221 1797 346 1858 Ruhiam
370 1797 506 1877 herbam,
535 1817 592 1878 qua
616 1799 777 1859 infectores
801 1806 940 1880 utuntur,
966 1807 1087 1861 tunsam
1110 1819 1147 1860 ex

132 1890 229 1965 picato
248 1886 294 1946 vel
314 1895 433 1947 austero
452 1886 499 1947 vel
517 1890 603 1966 nigro
622 1890 689 1947 vino
709 1896 760 1948 aut
779 1906 815 1947 ex
834 1906 924 1966 posca
938 1887 1022 1949 dahis
1041 1887 1146 1950 hiben-

132 1977 199 2035 dam
227 1978 327 2035 ieiuno
355 1975 511 2054 splenitico
540 1976 733 2054 amplitudine
765 1979 850 2037 nucis
881 1977 1042 2057 avellanae,
1076 1997 1146 2038 oon·
1159 1989 1186 2028 ²0

132 2065 230 2124 testim
253 2065 396 2141 proderit.

79 2161 113 2208 43
221 2152 381 2212 Laudabile
405 2153 569 2232 spleniticis
593 2146 758 2213 remedium
781 2155 837 2215 sie:
863 2153 982 2214 Hieram
1006 2153 1146 2236 botanen,

133 2257 208 2317 quae
232 2240 360 2300 verbena
384 2240 556 2321 appellatur,
581 2241 730 2302 contunde
754 2261 822 2303 cum
846 2245 972 2321 axungia
994 2250 1097 2304 vetere
1116 2252 1146 2304 et

132 2327 284 2387 inductam
307 2330 338 2387 in
361 2347 459 2407 panno
483 2328 548 2388 albo
573 2330 683 2390 mundo
711 2331 820 2409 inpone
844 2331 1014 2412 splenitico;
1042 2331 1145 2392 dolore

133 2416 234 2476 sedato
258 2414 372 2476 videbis
396 2421 590 2496 sanguineum
613 2418 720 2497 locum,
743 2421 773 2479 in
798 2438 856 2498 qoo
880 2419 965 2481 dolor
987 2420 1088 2482 fuerit.
1158 2431 1182 2471 2⁵

78 2514 113 2562 44
223 2503 308 2564 Solea
331 2507 420 2584 piscis
444 2507 540 2585 spleni
563 2509 717 2585 inponitur
735 2507 781 2568 vel
800 2508 924 2586 torpedo
946 2508 993 2568 rel
1012 2509 1145 2590 rombus,

133 2593 183 2653 sed
208 2594 355 2672 inpositos
379 2614 499 2656 rursum
522 2598 606 2656 vivus
628 2598 659 2655 in
683 2613 763 2655 mare
787 2599 934 2678 mittatur,
957 2599 1033 2658 mire
1056 2599 1145 2677 prod-

78 2691 112 2740 45
133 2692 186 2744 est.
220 2682 278 2753 Qui
301 2685 423 2745 cottidie
445 2687 564 2745 ieiunus
588 2702 688 2744 serum
709 2703 884 2767 caprunum,
903 2686 955 2746 sed
975 2705 1080 2747 earum
1099 2706 1144 2748 ca·

132 2772 284 2852 pellarum,
304 2791 378 2851 quae
397 2772 506 2833 hedera
521 2780 694 2852 pascuntur,
712 2772 830 2855 biberit,
850 2773 952 2854 splene
966 2786 1144 2856 consumpto

78 2869 111 2917 46
132 2864 197 2923 erit.
222 2862 446 2922 Sarmentorum
465 2862 541 2921 cinis
560 2863 637 2921 aceti
656 2861 769 2940 cyathis
788 2862 904 2923 duobus
923 2882 1065 2942 aspersus
1080 2884 1144 2925 rec·
1157 2876 1182 2916 ³⁰

78 2956 111 3006 47
131 2952 245 3010 tissime
265 2950 378 3010 lienoso
397 2952 498 3010 ieiuno
518 2969 554 3010 ex
573 2968 648 3028 aqua
663 2951 762 3029 tepida
776 2950 864 3012 datur
878 2951 1034 3013 bibendus.
1059 2952 1144 3013 Cani·

131 3057 188 3099 nus
213 3038 296 3116 splen
318 3057 424 3099 recens
444 3057 533 3118 supra
553 3038 685 3118 splenem
703 3038 833 3100 hominis
851 3043 1005 3120 inponitur
1025 3040 1144 3103 dicente

132 3144 180 3203 eo,
204 3130 255 3203 qui
279 3126 413 3206 adponit,
436 3127 600 3188 remedium
625 3145 656 3187 se
680 3127 776 3206 spleni
799 3130 906 3209 facere,
932 3138 1035 3208 postea
1058 3131 1145 3209 splen

220 3277 418 3345 2perieulum.
513 3282 691 3348 4purcinae.
790 3281 941 3337 vetustate.
1043 3287 1078 3336 18
1102 3300 1145 3340 ro·

131 3346 214 3400 biam.
332 3354 366 3403 28
394 3364 485 3402 serum
514 3349 677 3418 eapmnum]
706 3366 802 3405 ervum
825 3353 917 3422 Ptin,
949 3357 979 3407 at
1006 3354 1041 3420 cf.
1066 3354 1143 3410 Pus.

130 3437 157 3472 n.
172 3421 340 3543 h'dzg’ffio'
432 3424 464 3472 31
486 3419 636 3474 alienoso.
715 3420 751 3476 da
769 3422 931 3477 bibendum.
1011 3423 1146 3497 caninus]

172 3507 200 3542 n
221 3507 245 3542 1s
300 3507 339 3545 ro.
