2422 3878
517 88 754 190 -ao's-

129 298 282 372 ponuntur
306 289 352 349 vel
370 291 471 349 ieiuno
490 288 589 365 tepida
609 307 662 366 per
681 286 815 347 cocleare
835 287 951 347 dantur.
983 286 1072 348 Facit
1090 287 1146 349 hoc

129 380 312 439 medicamen
337 377 373 438 ad
396 395 499 438 omnes
523 376 667 437 stomachi
689 375 848 436 molestias.

77 481 111 530 96
219 467 263 527 Ad
291 467 424 527 dolorem
453 465 598 525 stomachi
620 465 666 524 vel
688 473 836 525 tumorem
859 465 905 524 vel
927 467 1080 525 viscerum
1104 467 1148 525 iu·

131 557 301 618 firmitatem
329 554 494 616 remedium
523 556 579 614 sic:
617 554 688 614 Suoi
716 571 751 613 ex
779 552 935 613 absenthio
963 550 994 613 θ
1014 554 1040 636 1,
1071 556 1149 615 33311

132 648 237 724 optimi
259 643 331 724 91,
355 643 412 704 olei
435 643 532 703 mollis
552 640 582 702 9
603 642 624 722 l,
648 661 734 703 cerae
752 641 893 702 Ponticae
916 641 1022 702 libram
1048 657 1173 724 uuam,s

131 734 277 796 medullae
296 735 431 793 cervinae
453 765 491 774 -
507 730 569 791 llll.
604 731 683 791 llaec
702 731 782 790 lento
801 732 870 809 igne
884 731 1034 810 decoques
1052 751 1148 812 usque

131 824 168 883 ad
192 839 363 882 mensuram
387 823 521 900 sextarii3
545 820 651 880 exinde
675 819 799 880 linteum
823 820 950 880 densum
973 822 1095 899 tingues
1120 830 1150 882 et

132 918 247 971 mature
278 913 308 969 13
341 909 419 970 13313
446 909 612 970 visceribus
644 909 775 988 adpones
806 909 950 969 utendum
980 910 1012 969 in
1041 909 1149 971 horam

131 998 300 1059 secundam.

79 1100 112 1148 97
222 1086 374 1147 Confectio
399 1086 540 1166 oxymelis
562 1087 609 1146 dia
629 1085 726 1146 soilliu
745 1085 781 1146 ad
802 1085 947 1146 stomachi
965 1104 1071 1147 causas
1092 1090 1149 1149 sic:
1163 1101 1185 1141 1⁰

133 1174 239 1236 Scillae
262 1175 368 1235 libram
392 1178 577 1236 comminues
601 1176 637 1235 de
661 1174 755 1235 astula
778 1174 875 1252 bgnea
898 1183 985 1237 acuta
1010 1178 1149 1238 minutis-

133 1268 216 1325 simis
239 1265 374 1344 partibus
397 1272 428 1325 et
450 1264 649 1343 superfundes
673 1263 732 1324 illic
756 1282 850 1342 aquae
875 1265 985 1324 nitidae
1009 1265 1149 1326 fontanae

133 1351 164 1414 θ
184 1352 224 1412 111
252 1372 285 1413 33
314 1354 361 1413 die
390 1361 451 1414 tcta
480 1362 509 1413 et
537 1360 623 1414 nocte
648 1359 803 1431 copertum
827 1370 890 1432 vas,
916 1355 946 1412 13
970 1353 1050 1432 quod
1076 1354 1149 1415 haec

133 1444 265 1521 miseris,
294 1460 360 1502 esse
388 1444 558 1523 permittes;
588 1442 644 1502 alia
672 1441 719 1501 die
747 1443 778 1500 13
807 1440 863 1500 3113
890 1443 959 1502 rudi
986 1460 1056 1502 cum
1085 1445 1150 1524 ipsa

134 1531 216 1591 scilla
235 1531 389 1591 defervere
408 1531 499 1591 facies
517 1530 597 1590 lento
617 1532 679 1607 igni
697 1548 793 1608 usque
812 1529 849 1589 ad
868 1532 1031 1591 sextarium
1045 1530 1150 1612 aquae,
1164 1543 1185 1584 1⁵

133 1627 197 1681 tum
220 1619 311 1679 linteo
335 1619 429 1679 nitido
452 1621 599 1699 exprimes
619 1617 732 1678 scillam
751 1620 856 1700 ipsam,
878 1627 912 1678 ut
930 1622 1081 1680 sextarius
1100 1621 1149 1681 ille

134 1708 256 1789 defluat,
289 1708 399 1767 adicies
431 1705 501 1767 huic
533 1709 661 1767 sextario
690 1709 766 1768 aceti
793 1708 899 1786 optimi
926 1710 1091 1769 sextarium
1120 1717 1151 1770 31

134 1797 229 1857 mellis
249 1798 353 1875 optimi
372 1796 539 1874 despumati
559 1796 589 1855 P.
604 1796 631 1855 ll
652 1804 682 1856 et
702 1813 823 1856 rursum
842 1798 872 1855 in
892 1797 995 1857 eadem
1014 1797 1072 1857 olla
1092 1799 1151 1859 fer·

133 1881 703 1964 1313<133133>333333113311311313,
722 1892 786 1945 tum
805 1884 950 1944 recondes
969 1887 1000 1945 in
1020 1887 1151 1965 ampulla

134 1974 227 2035 nitida
251 1982 281 2034 et
304 1976 451 2051 signatum
475 1971 599 2033 habebis
623 1981 652 2034 et
676 1992 743 2034 cum
768 1975 982 2052 inparationem
1002 1977 1151 2037 stomachi
1164 1987 1186 2027 ²⁰

135 2065 275 2144 senseris,
298 2062 436 2122 cocliaria
459 2061 574 2141 singula
597 2063 683 2140 plena
707 2061 853 2141 tepefacta
871 2064 991 2123 ieiunus
1011 2067 1151 2145 accipies.

82 2163 116 2210 98
224 2151 268 2209 hd
287 2151 432 2210 stomachi
450 2150 584 2211 dolorem
602 2151 766 2212 remedium
790 2150 947 2230 physicum
970 2153 1027 2212 sic:
1050 2152 1087 2212 13
1111 2154 1150 2214 13·

135 2238 203 2316 pide
223 2239 335 2314 iaspide
355 2238 478 2316 exculpe
498 2239 656 2298 draconem
676 2240 830 2319 radiatum,
853 2247 886 2300 ut
905 2239 1011 2300 habeat
1033 2250 1151 2321 septem

135 2326 243 2404 radios,
268 2334 297 2385 31
320 2325 423 2386 claude
447 2344 520 2386 auro
544 2337 574 2386 et
597 2337 682 2388 utere
706 2331 737 2388 in
760 2328 843 2388 collo.

26 2430 28 2435 ·
82 2428 115 2476 99
224 2412 457 2491 Epithematium
476 2415 511 2474 ad
532 2416 717 2477 stomachum
735 2417 1008 2478 confirmandum
985 2435 1041 2478 313.
1061 2418 1188 2480 Atoesu

139 2533 176 2545 -
184 2502 243 2606 lll,
268 2505 344 2562 turis
364 2502 547 2564 31333311-
563 2505 599 2586 11,
622 2508 753 2566 masticis
773 2505 854 2566 albae
874 2508 1065 2587 semunciam,
1092 2516 1152 2569 sto·

136 2572 583 2675 13313--11,31ο31-,18
606 2594 730 2654 meliloti
754 2597 945 2675 semunciam,
968 2595 1151 2657 33133Ρ33-

136 2683 211 2741 11333
240 2681 398 2742 ueletiam
424 2683 571 2744 13133-
593 2682 660 2763 1111,
688 2683 840 2743 nardi—
858 2683 908 2764 Vl,
937 2686 983 2743 133
1011 2683 1152 2747 absenthi

135 2769 252 2832 Pontici
272 2805 312 2814 —
328 2771 349 2831 l.
385 2771 463 2831 Haec
487 2774 585 2833 omnia
611 2774 769 2850 separatim
794 2781 880 2832 tunsa
899 2781 929 2832 et
947 2772 1077 2833 cribrata
1098 2777 1152 2834 mi·

137 2871 259 2923 3333131
287 2868 317 2921 31
346 2869 516 2939 coquuntur
544 2868 574 2920 et
600 2861 784 2921 inducuntur
812 2863 843 2921 13
871 2880 968 2940 panno
994 2869 1085 2940 atque
1111 2866 1189 2924 itan

137 2959 251 3011 mature
276 2950 426 3010 stomacho
451 2950 648 3029 adponuntur.

86 3049 136 3096 100
226 3038 270 3097 Ad
295 3039 490 3116 digestionem
508 3038 668 3118 parandam
688 3040 824 3117 quisquis
844 3038 988 3099 sollicitus
1007 3040 1066 3098 erit
1086 3058 1153 3100 aco·

137 3144 204 3184 rum
219 3129 337 3186 ieiunus
352 3128 578 3187 commanducet
592 3135 622 3186 et
636 3128 734 3207 133131,
746 3127 876 3187 radicem
890 3144 1007 3206 quoque
1020 3145 1154 3189 amaram

138 3220 167 3271 31
187 3213 305 3272 13131331
326 3217 444 3275 1313333
459 3213 685 3275 commanducet
699 3232 816 3275 necnon
831 3216 931 3276 anethi
946 3233 1048 3276 semen
1062 3219 1154 3278 etiam

227 3416 432 3471 3infirmitate.
493 3423 528 3472 90
542 3417 726 3486 imparatione.
773 3425 807 3474 26
823 3421 967 3487 storachis.
1018 3426 1053 3478 27
1072 3423 1154 3480 111311·

186 3487 205 3541 l.
279 3495 312 3542 32
331 3488 456 3557 quisque.
531 3495 563 3543 39
584 3492 806 3560 commanducet,
827 3493 953 3549 1133134.
