2422 3878
563 122 806 186 -178-

177 290 361 348 misceantur
380 286 478 345 omnia
497 283 655 362 diligenter
673 285 823 363 mixtaque
840 287 1027 363 coagitentur
1042 285 1079 346 ad
1095 286 1197 347 focum

179 386 209 436 et
232 375 404 454 refrigerata
429 375 460 434 in
479 372 557 433 dolio
577 374 671 432 vitreo
691 381 882 452 reponantur,
902 373 1100 452 quibuscum
1120 393 1198 454 opus

178 465 270 524 fuerit
294 464 389 524 ceroti
411 480 493 522 more
518 463 619 522 uteris.

143 565 159 612 3
268 551 399 613 Cervicis
428 549 512 611 dolor
534 547 718 630 inflexibilis,
745 567 833 628 quem
852 549 1064 630 opisthotonon
1089 549 1198 612 Graeci

178 651 293 721 vocant,
316 638 430 700 levatur
451 641 537 700 urina
556 656 662 718 caprae
681 638 803 699 auribus
822 640 919 700 infusa
938 647 990 699 aut
1008 637 1101 699 bulbo
1121 643 1196 701 trito

179 746 247 790 carm
270 729 339 789 fimo
363 727 496 788 eiusdem
520 745 625 806 caprae
649 728 759 788 cervici
784 725 884 808 inlito;
912 727 964 788 sed
992 727 1067 787 nihil
1091 729 1199 789 utilius

179 825 226 878 est
248 816 464 878 medicamento
487 815 535 876 dia
558 822 674 876 steaton
697 815 734 875 de
758 814 843 894 adipe
867 815 983 876 diversa
1006 816 1093 896 facto,
1117 818 1198 896 quod

143 916 272 985 tsnpra
295 907 440 984 scriptum
464 913 518 965 est.
554 903 599 964 Ad
623 905 773 964 cervicum
798 903 915 966 dolores
938 904 1104 965 remedium
1123 905 1199 986 phv-

181 995 276 1055 sicum
295 995 352 1055 sic:
371 992 492 1054 leiunus
510 993 645 1054 dextram
663 1009 782 1052 manum
798 991 887 1053 saliva
906 1002 993 1072 tange
1013 1000 1042 1054 et
1057 993 1200 1054 dextrum

180 1083 322 1163 poplitem
347 1083 487 1162 perfrica,
516 1080 623 1142 deinde
649 1082 769 1141 sinistra
792 1099 881 1142 manu
905 1083 1071 1142 sinistrum
1084 1090 1116 1142 et
1141 1082 1199 1143 hoc

145 1182 162 1229 5
181 1180 227 1231 ter
246 1189 300 1248 per
319 1169 451 1249 singulos
469 1168 599 1248 poplites
618 1169 716 1251 facito,
739 1166 839 1230 statim
858 1169 1045 1231 remediabis.
1083 1169 1199 1250 Butyro

145 1269 160 1317 a
180 1267 211 1318 et
226 1258 312 1336 adipe
327 1259 430 1318 ursina
443 1265 606 1336 perunctae
621 1260 752 1319 cervices
770 1260 868 1319 statim
883 1257 1075 1319 sanabuntur.
1103 1259 1199 1320 Cerae

182 1344 329 1426 selibram,
347 1345 404 1405 olei
419 1347 534 1425 cyprini
548 1345 694 1426 selibram,
709 1345 850 1407 absinthii
865 1347 967 1407 viridis
982 1349 1103 1408 contusi
1121 1347 1200 1408 -ll

180 1434 270 1496 simul
293 1434 329 1495 ad
352 1437 450 1513 ignem
474 1437 621 1512 permisce
649 1443 679 1494 et
706 1453 760 1513 pro
789 1443 890 1496 ceroto
919 1443 1004 1496 utere
1029 1435 1067 1496 ad
1090 1454 1199 1497 omnes

146 1535 161 1582 7
180 1525 331 1585 cervicum
353 1523 479 1584 dolores.
516 1522 608 1602 Rigor
626 1525 751 1584 cervicis
770 1524 855 1602 adipe
874 1525 1010 1585 anserina
1029 1523 1076 1584 vel
1094 1528 1199 1604 potius

38 1631 41 1637 ’
144 1623 161 1672 8
181 1615 287 1692 gruina
309 1619 473 1691 perunctus
493 1608 677 1672 velocissime
695 1611 853 1674 mollietur.
888 1613 952 1673 Fici
970 1613 1039 1673 folia
1058 1623 1090 1674 et
1109 1633 1199 1693 poma

180 1702 315 1762 eiusdem
338 1702 485 1760 inmatura
509 1702 636 1760 contrita
661 1712 690 1761 et
713 1703 841 1780 inposita
866 1703 976 1762 cervici
1004 1701 1199 1764 subveniunt.

144 1801 160 1849 a
269 1788 435 1850 Nervornm
458 1791 591 1849 omnium
614 1791 706 1868 rigori
729 1797 759 1850 et
781 1789 1025 1868 perfrictionibus
1045 1793 1108 1852 cito
1129 1791 1198 1853 sub-

181 1880 298 1939 venitur
320 1876 494 1956 malagmate
517 1877 581 1939 tali:
609 1876 674 1938 Olei
696 1877 803 1938 laurini
827 1878 858 1939 P.
878 1878 900 1960 l,
923 1881 1040 1940 resinae
1064 1880 1198 1942 terebin-

180 1967 280 2028 thinae
307 1965 338 2027 P.
366 1966 388 2049 l,
419 1967 495 2046 picis
527 1965 656 2045 liquidae
682 1966 714 2027 P.
742 1965 768 2047 l,
802 1970 946 2046 axungiae
974 1971 1083 2029 veteris
1114 1969 1147 2031 P.
1176 1970 1197 2030 l.

181 2054 317 2115 Decoctis
342 2063 371 2115 et
394 2056 549 2133 permixtis
574 2073 632 2115 una
654 2055 701 2115 his
725 2055 882 2134 speciebus
906 2059 991 2117 nervi
1011 2059 1148 2135 rigentes
1168 2068 1198 2120 et

182 2143 287 2202 offensi
310 2141 469 2203 salubriter
492 2143 698 2222 perfricantur.

129 2242 162 2290 10
185 2278 188 2283 .
270 2228 503 2306 Opisthotonicis
528 2241 557 2291 et
578 2233 714 2292 tetanicis
733 2230 837 2292 lotium
856 2235 1010 2312 caprinum
1030 2251 1100 2294 cum
1122 2254 1198 2315 aqua

129 2330 160 2378 11
180 2320 307 2378 mixtum
321 2318 482 2378 efficaciter
495 2319 626 2399 prodest,
646 2321 672 2379 si
687 2321 795 2381 ieiunis
809 2324 893 2399 potui
907 2321 1004 2382 detur.
1037 2321 1197 2384 Summum

181 2405 409 2486 opisthotonicis
428 2414 458 2467 et
476 2406 639 2467 arthriticis
657 2407 821 2468 remedium
841 2417 871 2470 et
889 2410 991 2472 mrrltis
1005 2413 1195 2489 experimen·

181 2497 219 2557 tis
242 2493 401 2575 probatum
424 2495 582 2555 conficitur
605 2497 661 2558 sic:
694 2496 840 2578 Castorei,
862 2500 975 2579 piperis
999 2497 1070 2578 albi,
1095 2509 1195 2580 petro-

181 2584 267 2645 selini
290 2583 427 2662 aequales
450 2585 604 2663 portiones
627 2584 716 2646 simul
739 2586 847 2647 tundes
875 2594 905 2647 et
932 2586 1079 2648 cribrabis
1106 2599 1196 2670 atque

180 2673 248 2736 inde
278 2671 410 2734 cocleare
439 2692 533 2734 unum
561 2692 629 2734 cum
661 2693 721 2736 uno
750 2674 876 2736 cocleari
907 2675 1004 2736 mellis
1036 2682 1066 2736 et
1101 2696 1196 2757 aquae

180 2763 291 2826 calidae
315 2763 427 2843 cyathis
451 2761 567 2823 duobus
590 2764 690 2824 ieiuno
714 2763 750 2824 ad
774 2764 852 2825 diem
876 2763 969 2825 dabis,

128 2864 160 2912 12
270 2851 376 2914 farina
404 2850 456 2913 lini
484 2853 605 2912 seminis
633 2852 732 2914 addito
761 2854 840 2914 nitro
872 2870 908 2913 ex
938 2855 1007 2914 vino
1035 2852 1134 2916 calido
1165 2859 1196 2918 in

179 2941 301 3003 modum
324 2941 507 3020 malagmatis
529 2948 713 3020 temperatur
738 2949 768 3002 et
789 2943 944 3021 inponitur
967 2943 1121 3004 cervicum
1146 2944 1196 3006 do·

128 3041 160 3089 13
179 3029 245 3110 lori,
264 3033 364 3091 statim
381 3030 527 3092 medetur.
559 3029 665 3091 Farina
685 3050 803 3110 quoque
821 3030 926 3092 hordei
945 3049 1014 3092 cnm
1032 3032 1094 3092 ficu
1113 3033 1197 3094 arida

129 3127 162 3175 14
182 3123 269 3176 tunsa
296 3121 441 3195 permixta
469 3129 499 3180 et
526 3121 654 3197 inposita
681 3120 759 3180 idem
791 3127 928 3198 praestat.
973 3119 1131 3183 Lenticula
1166 3125 1197 3183 in

181 3212 265 3263 aceto
284 3205 415 3266 discocta
434 3206 600 3267 cervicibus
620 3207 800 3285 malagmatis
819 3227 901 3268 mora
920 3208 1055 3287 adposita
1073 3209 1196 3272 dolores

129 3303 161 3351 15
181 3309 282 3351 earum
311 3294 434 3369 mitigat.
480 3293 523 3352 Ad
553 3295 703 3354 cervicum
730 3303 862 3357 tumores
890 3296 1037 3358 sedandos
1067 3316 1196 3362 ovorum

181 3377 273 3440 vitelli
300 3382 376 3440 cocti
405 3397 473 3440 cum
501 3380 586 3459 adipe
614 3384 750 3443 anserina
777 3382 955 3446 inficiuntur
978 3385 1045 3447 felle
1069 3393 1194 3469 caprino

181 3472 284 3548 aequis
306 3467 489 3548 ponderibus
512 3471 659 3547 permixto
683 3478 772 3551 atque
795 3473 864 3534 inde
886 3476 1017 3536 cervices
1037 3476 1193 3541 fricantur.
