2422 3878
564 130 807 195 -352-

180 296 339 375 praecipue
363 294 418 354 hac
442 293 565 354 medella
588 295 767 372 extirpatur:
790 294 872 354 Auro
895 293 1031 354 fervente
1053 297 1205 356 circuitus

180 402 285 444 eornm
314 382 428 444 urendo
457 383 643 462 designatum
676 381 755 461 quod
788 383 887 461 potius
915 389 961 442 est
989 400 1062 443 cum
1097 383 1203 445 dolore

179 474 307 532 maximo
335 472 370 533 ad
399 480 581 532 momentum
610 470 688 530 serre
712 489 801 548 quam
824 472 988 531 inveterato
1012 473 1108 532 etiarn
1136 491 1203 533 can-

180 563 319 621 cromatis
344 561 446 621 morbo
470 577 577 620 noxam
599 567 761 639 perpetuae
784 558 945 620 debilitatis
968 561 1144 622 incurrere.

124 656 160 705 49
268 650 358 711 Urina
386 648 458 709 muli
486 648 532 708 vel
559 647 656 708 mulae
684 648 728 708 vel
752 649 828 708 asini
851 666 919 708 cum
943 666 998 709 suo
1022 648 1090 710 luto
1115 651 1202 712 inlita

124 743 160 794 oo
180 747 210 799 et
232 740 329 800 clavos
353 736 450 797 abolet
471 745 501 797 et
520 737 602 797 callis
620 736 766 797 medetur.
804 736 906 797 Fimus
925 739 1024 797 ovium
1045 741 1201 817 inpositus

179 827 225 888 vel
248 827 375 887 lacertae
398 826 482 886 iecur
501 834 552 886 aut
571 826 692 904 sanguis
711 827 742 885 in
761 825 858 886 lanula
877 825 1045 904 adplicatos
1065 826 1114 887 vel
1136 831 1201 908 ipsa

179 915 288 975 lacerta
316 921 435 974 exsecta
463 913 596 994 adposita
622 914 772 975 clavorum
795 916 873 974 intra
896 914 1029 974 triduum
1055 932 1200 993 perseve-

178 1006 303 1063 rantiam
327 1002 411 1063 tollit.

124 1097 158 1146 ti
267 1091 383 1151 Fimum
408 1090 611 1151 columbinum
634 1108 669 1151 ex
700 1098 784 1151 aceto
812 1099 928 1151 coctum
956 1098 987 1150 et
1013 1093 1045 1150 in
1072 1094 1198 1155 modum

179 1179 361 1257 malagmatis
394 1179 550 1241 subactum
583 1187 671 1258 atque
704 1179 871 1259 adpositum
904 1179 939 1239 ad
973 1183 1075 1241 omnia
1105 1200 1199 1262 supra

124 1276 160 1324 aa
180 1270 291 1347 scripta
315 1269 507 1330 utilissimum
530 1286 596 1329 csse
619 1277 743 1329 constat.
778 1268 880 1329 Fimus
904 1270 968 1346 apri
991 1268 1036 1328 vel
1059 1272 1127 1331 suis
1149 1273 1199 1333 do·

177 1359 294 1418 mestici
317 1375 423 1419 reeens
446 1359 594 1436 inpositus
618 1365 647 1417 et
668 1366 737 1436 post
754 1360 877 1418 tertium
896 1357 973 1417 diem
993 1357 1114 1421 solutus
1136 1361 1199 1421 eiii·

122 1454 158 1502 53
178 1448 288 1507 caciter
312 1447 419 1528 clavos,
443 1464 583 1507 verrucas
606 1456 636 1506 et
658 1445 748 1506 callos
772 1447 876 1507 aufert.
914 1445 945 1505 Si
969 1462 1060 1524 supra
1085 1449 1198 1510 callum

176 1535 248 1596 alica
273 1554 308 1595 ex
332 1554 420 1613 posca
445 1543 528 1595 cocta
551 1533 762 1613 pertriduum
786 1538 892 1614 utariS,
922 1536 985 1594 sine
1013 1534 1198 1600 difficultate

177 1624 333 1705 sanabere,
362 1627 450 1684 etiam
479 1625 504 1682 si
527 1625 613 1684 urina
637 1626 719 1684 canis
743 1626 866 1702 virginis
889 1641 957 1684 cum
981 1641 1035 1684 suo
1060 1624 1127 1686 luto
1153 1630 1199 1688 in·

176 1715 272 1790 posita
296 1712 387 1772 callos
410 1728 610 1790 verrucaeque
634 1715 791 1792 consumit,
814 1720 873 1772 tam
898 1712 949 1772 diu
973 1721 1073 1772 tamen
1098 1716 1196 1776 inalli·

120 1809 156 1857 54
175 1810 254 1881 gata,
283 1800 424 1879 quamdiu
452 1817 501 1860 eas
530 1803 667 1861 excutiat.
710 1800 818 1862 Tribus
843 1801 925 1862 labae
948 1803 1048 1878 granis
1074 1802 1195 1865 clavum

174 1893 286 1968 tangito
310 1908 403 1968 eaque
427 1890 458 1948 in
482 1891 655 1950 sterculinio
680 1889 823 1968 defodito,
852 1908 889 1949 ne
913 1892 1030 1949 renasci
1056 1894 1193 1975 possint3

174 1986 284 2055 quanto
303 1979 451 2039 maturius
468 1981 706 2059 conputruerint,
725 1986 807 2039 tanto
823 1978 950 2038 celerius
965 1977 1063 2038 clavos
1080 1990 1193 2059 sponte
1209 2007 1211 2013 ¹

174 2067 311 2127 decidere
336 2067 500 2128 miraberis.

119 2165 154 2214 oo
263 2155 379 2235 Claros,
408 2158 460 2234 qui
487 2159 519 2216 in
546 2155 680 2216 articulis
708 2164 971 2234 supercrescentes
994 2154 1116 2217 dolores
1141 2177 1192 2219 cx·

172 2241 277 2302 hibere
301 2251 494 2324 consuerunt,
517 2245 608 2303 incidi
627 2243 672 2304 vel
691 2245 755 2304 radi
775 2243 810 2303 ad
829 2246 926 2304 vivum
946 2251 1071 2323 oportet,
1097 2256 1193 2323 prout

175 2333 242 2408 quis
266 2333 328 2408 pati
350 2333 489 2411 potuerit,
514 2338 602 2409 atque
626 2331 663 2391 de
686 2331 797 2410 lupinis
820 2332 922 2392 crudis
945 2336 1029 2412 prius
1053 2332 1192 2396 decoria-

172 2420 211 2478 tis
235 2420 359 2478 farinam
384 2419 489 2478 iactam
513 2418 652 2497 subigere
676 2438 744 2481 cum
768 2419 854 2481 melle
878 2429 908 2481 et
931 2421 1082 2501 emplastri
1103 2440 1211 2487 more

172 2525 383 2587 superponere.

118 2610 151 2658 so
261 2596 391 2658 Subraso
419 2597 500 2658 clavo
528 2597 639 2658 calcem
668 2599 762 2658 vivam
790 2600 869 2658 visco
899 2598 1050 2659 subactam
1073 2601 1190 2680 inpone

118 2698 151 2749 57
172 2694 202 2746 et
216 2686 368 2748 linteolum
384 2686 569 2768 superalliga,
588 2690 647 2748 cito
667 2686 833 2748 medebere.
857 2688 1118 2767 huripigmentum
1136 2694 1190 2752 tri·

171 2783 234 2835 tum
260 2785 290 2837 et
313 2778 443 2837 resinam
466 2775 697 2837 terebinthinam
720 2776 877 2855 liquefacta
901 2778 937 2837 ad
957 2776 1188 2840 similitudinem

117 2877 150 2926 58
171 2867 265 2925 ceroti
285 2868 393 2944 inpone
413 2865 541 2926 clavellis
555 2868 639 2944 prius
653 2865 780 2946 derasis3
800 2867 874 2925 mire
888 2865 1030 2944 proderit.
1063 2864 1188 2930 Urticae
1208 2895 1211 2904 ’

170 2954 262 3033 radix,
282 2953 409 3014 medulla
428 2954 559 3034 caprifici
579 2961 610 3014 et
628 2953 682 3014 ilos
702 2953 868 3014 chalcitidis
886 2956 952 3032 pari
965 2952 1097 3033 pondere
1113 2975 1187 3017 con-

170 3049 319 3103 teruntur.
352 3042 431 3103 Haec
451 3043 541 3104 simul
554 3045 643 3104 mixta
658 3042 723 3103 loco
738 3042 852 3103 clavelli
866 3060 1050 3122 superpones
1066 3050 1095 3102 et
1110 3043 1185 3124 liga-

168 3128 224 3209 his,
241 3132 287 3191 die
303 3133 391 3191 tertia
406 3132 510 3213 solves,
528 3133 628 3192 statim
643 3131 769 3212 decidet,
783 3131 829 3191 rel
844 3135 869 3192 si
884 3132 980 3192 adhuc
995 3138 1186 3217 remanserit,

168 3219 274 3278 iterato
298 3221 423 3297 inpones
448 3230 478 3280 et
496 3220 597 3281 triduo
616 3219 676 3280 illic
695 3219 944 3281 medicamentum
963 3239 1029 3281 esse
1048 3224 1184 3299 patieris.

257 3429 272 3477 3
291 3426 510 3479 munumentum.
609 3431 644 3480 29
662 3424 870 3480 terebintinam.
966 3433 999 3482 31
1020 3427 1184 3490 cachibidis.

168 3496 200 3544 '³2
221 3492 356 3550 clavellis.
765 3530 769 3538 ·
