2422 3878
534 177 571 186 —
620 140 774 206 332—

149 317 363 380 superracuam
386 319 557 382 consumes;
581 301 633 362 sed
657 302 693 362 ad
713 304 869 362 sanitatem
888 300 1052 362 lenioribus
1072 302 1165 362 medi-

150 390 293 449 camentis
316 397 419 466 postea
443 389 599 469 perduces.

94 491 130 540 22
239 475 373 538 Extalem
392 479 480 537 nimis
498 480 718 556 prominentem
736 480 871 558 reprimit
886 478 1066 557 gallinaceus
1081 479 1166 539 vitel-

149 564 210 646 lus,
239 567 265 625 si
292 573 395 626 coctus
418 568 540 644 integer
557 565 593 626 ab
618 568 683 645 ipso
707 585 795 645 aegro
818 567 879 627 illic
903 566 1015 627 calidus
1039 567 1164 627 adsidue

151 657 347 715 contineatur.
1179 672 1192 712 ⁵

96 758 131 806 23
239 742 283 802 Ad
311 741 425 802 listulas
453 741 611 803 vulnerum
638 745 670 803 iu
696 760 752 802 ano
775 742 823 803 vel
846 761 921 820 quae
945 750 1110 802 nascuntur
1134 745 1165 803 in

151 830 224 891 locis
252 829 517 891 verecundioribus
545 839 643 892 terrae
670 829 740 891 mali
767 830 851 890 radix
880 838 1006 891 contusa
1029 838 1060 890 et
1083 832 1165 891 listu-

151 919 195 978 lae
223 920 335 977 inserta
363 925 415 978 aut
440 921 471 979 in
499 920 652 998 pulverem
680 918 798 979 redacta
827 925 857 978 et
881 938 949 979 curn
973 920 1040 978 vino
1064 926 1165 979 vetere

150 1009 286 1085 inspersa
313 1007 354 1066 ita
381 1007 517 1088 prodest,
546 1015 580 1069 ut
603 1008 740 1069 celeriter
763 1014 921 1087 expurget,
945 1007 1052 1067 solidet
1076 1015 1106 1067 et
1130 1009 1165 1067 ad

151 1112 270 1154 emnem
298 1098 453 1156 sanitatem
481 1096 639 1177 perducat,
667 1097 731 1157 sine
760 1114 818 1173 qua
846 1114 902 1156 nec
930 1096 1040 1156 medici
1062 1096 1165 1156 buius-
1181 1114 1205 1153 ro

151 1184 232 1243 modi
255 1201 360 1244 causas
384 1201 490 1245 curare
513 1192 647 1262 possunt.

98 1287 133 1335 24
242 1270 411 1350 Tithymalli
434 1275 552 1334 contusi
575 1291 680 1333 sucum
704 1291 741 1332 ex
760 1275 828 1332 vino
848 1290 938 1352 super
957 1272 1086 1332 fistulam
1105 1272 1167 1333 vul-

152 1360 234 1419 neris
262 1363 434 1442 exprimito,
462 1361 569 1422 deinde
597 1361 762 1422 lomentum
787 1361 959 1421 huiusmodi
982 1360 1111 1442 alligato,
1135 1361 1167 1421 id

152 1455 199 1507 est
221 1448 406 1510 marrubium
430 1452 461 1509 in
485 1452 585 1510 cinere
609 1449 703 1509 calido
728 1449 905 1528 subcoquito
929 1457 959 1509 et
982 1450 1095 1510 adiecta
1118 1469 1168 1510 ve-

152 1532 318 1597 tustissima
347 1540 472 1617 axungia
500 1538 552 1598 diu
580 1537 710 1616 subigito
741 1545 770 1598 et
795 1538 886 1599 linteo
910 1538 1027 1599 inlitum
1052 1538 1194 1598 calidis-1

153 1628 261 1697 simum
290 1626 405 1687 fistulae
433 1626 573 1703 adponito
597 1634 628 1686 et
650 1634 697 1688 ter
720 1634 772 1687 aut
796 1634 900 1705 quater
923 1629 955 1687 in
978 1628 1025 1687 die
1049 1627 1168 1687 fervens

153 1714 338 1774 medicamen
361 1722 511 1795 renovato,
535 1716 660 1776 mirifice
684 1715 827 1794 proderit.

100 1817 133 1865 25
243 1801 283 1862 Os
306 1803 470 1863 humanum
493 1811 652 1864 contusum
676 1811 706 1864 21
728 1805 759 1864 12
783 1803 935 1882 pulverem
959 1804 1168 1864 tenuissimum

154 1890 306 1950 redactum
335 1909 404 1951 oum
432 1891 518 1952 melle
545 1891 663 1954 inlitum
692 1895 781 1954 etiam
810 1891 930 1953 duratas
958 1895 1006 1953 ani
1034 1899 1064 1951 et
1093 1895 1169 1951 anti-

155 1997 227 2057 quas
251 1979 365 2039 fistulas
389 1988 486 2062 sanat,
512 1983 538 2041 si
561 2000 616 2060 per
639 1982 772 2043 triduum
796 1983 970 2042 continuum
994 1980 1168 2058 adponatnr.
1183 1998 1207 2035 e·

100 2082 134 2130 26
244 2068 287 2128 nd
315 2076 400 2130 nates
428 2068 474 2130 vel
501 2070 638 2149 podicem
665 2069 833 2131 fistulosum
862 2069 918 2129 olei
946 2070 1050 2148 optimi
1073 2075 1168 2127 sexta-

154 2157 247 2236 rium,
272 2156 427 2238 lithargyri
450 2159 603 2230 selibram,
626 2160 777 2236 aeruginis
801 2157 920 2234 libram,
945 2159 1020 2215 turis
1044 2155 1168 2216 masculi

66 2261 69 2267 ·
155 2246 234 2322 nigri
257 2245 410 2322 selibram,
433 2249 550 2307 resinae
573 2244 692 2324 libram,
717 2243 812 2302 mellis
836 2243 958 2300 sextarii
982 2245 1070 2299 unius
1095 2262 1168 2318 qua·

155 2333 304 2415 drentem,
330 2338 407 2396 aceti
429 2332 460 2394 6*
479 2333 514 2393 ll.
555 2331 634 2390 Haec
658 2330 756 2388 omnia
779 2331 810 2386 in
833 2327 890 2386 olla
913 2327 981 2385 rudi
1005 2326 1093 2384 simul
1117 2329 1170 2386 de-

155 2439 265 2499 coques
289 2430 424 2483 elmere
448 2419 600 2498 emplastri
621 2416 754 2476 induces
1186 2437 1198 2474 2

100 2523 133 2572 27
243 2511 287 2571 Ad
297 2506 537 2570 haemorrhoidas
552 2522 671 2585 eosque,
686 2505 738 2583 qui
748 2504 922 2581 sauguinem
933 2502 1074 2580 deiciunt,
1084 2506 1179 2579 porri.

156 2616 247 2659 sucus
280 2614 438 2677 expressus
467 2595 568 2654 ieiuno
596 2594 681 2672 potui
708 2593 795 2653 datus
827 2590 1070 2652 haemorrhoidas
1100 2608 1168 2649 con·

102 2699 136 2748 28
156 2689 240 2748 11222
259 2687 396 2747 desinere
415 2683 494 2744 lacit.
526 2683 623 2762 hdeps
643 2684 729 2761 cygni
743 2680 986 2741 haemorrhoidas
1001 2680 1171 2758 conprimit,

104 2789 136 2836 29
157 2779 183 2836 si
215 2783 266 2836 aut
300 2775 385 2852 potui
418 2774 506 2834 detur
533 2780 584 2833 aut
610 2770 674 2831 loca
702 2771 772 2831 inde
800 2777 968 2848 tangantur.
1015 2766 1172 2845 symphyti

156 2865 253 2946 radix,
282 2881 356 2942 quae
384 2861 477 2923 herba
503 2858 619 2943 ,Gallice
646 2859 732 2921 halus
760 2858 882 2938 dicitur,
906 2863 957 2917 aut
980 2855 1172 2914 commandu-
1202 2879 1206 2899 ·

157 2963 242 3015 catur
270 2961 321 3014 aut
348 2960 415 3013 usta
443 2960 473 3013 et
502 2954 573 3012 trita
600 2952 632 3010 in
659 2951 781 3029 potione
804 2942 896 3007 'datur
924 2943 1080 3002 adversum
1103 2943 1173 3002 hae·

103 3055 138 3102 30
157 3043 344 3104 morrhoidas
363 3044 486 3103 nimium
507 3040 698 3120 profluentes.
732 3035 881 3112 Slongiam
900 3033 1043 3090 marinam
1063 3048 1173 3091 exures

247 3217 263 3263 3
287 3212 491 3280 prominentem
514 3205 749 3278 reprominentem
773 3201 842 3281 (212).
953 3205 985 3253 12
1013 3198 1173 3280 Ι111121222111.

161 3287 193 3334 14
211 3280 373 3338 2212221222.
429 3272 807 3346 221ithargyriJepodegrr.
864 3272 1068 3350 2322212222]
1085 3289 1173 3325 unum

158 3349 308 3419 quadrans.
395 3356 429 3404 26
448 3347 652 3402 aemorhoidas.
737 3347 923 3410 2'lexpress1.
1004 3343 1173 3396 222112222-

157 3423 237 3475 tinno
257 3418 384 3474 desinere
401 3419 477 3472 facit.
505 3417 600 3485 Adeps
615 3413 697 3482 cygni
709 3411 939 3467 haemorrhoides
953 3429 1003 3467 om.
1054 3414 1173 3467 29122-

159 3497 217 3562 gat.
290 3489 433 3560 symphiti.
