<?xml version="1.0" encoding="UTF-8"?>
<!DOCTYPE html PUBLIC "-//W3C//DTD XHTML 1.0 Transitional//EN"
    "http://www.w3.org/TR/xhtml1/DTD/xhtml1-transitional.dtd">
<html xmlns="http://www.w3.org/1999/xhtml" xml:lang="en" lang="en">
 <head>
  <title>
</title>
<meta http-equiv="Content-Type" content="text/html;charset=utf-8" />
  <meta name='ocr-system' content='tesseract 3.04.00' />
  <meta name='ocr-capabilities' content='ocr_page ocr_carea ocr_par ocr_line ocrx_word'/>
</head>
<body>
  <div class='ocr_page' id='page_1' title='image "./marcellidemedic00helmgoog/marcellidemedic00helmgoog_0335.png"; bbox 0 0 2422 3878; ppageno 0'>
   <div class='ocr_carea' id='block_1_1' title="bbox 534 145 776 210">
    <p class='ocr_par' dir='ltr' id='par_1_1' title="bbox 534 145 776 210">
     <span class='ocr_line' id='line_1_1' title="bbox 534 145 776 210; baseline 0.008 -1"><span class='ocrx_word' id='word_1_1' title='bbox 534 145 776 210; x_wconf 79' lang='lat'><strong>-322-</strong></span> 
     </span>
    </p>
   </div>
   <div class='ocr_carea' id='block_1_2' title="bbox 99 307 1206 3308">
    <p class='ocr_par' dir='ltr' id='par_1_2' title="bbox 99 307 1198 922">
     <span class='ocr_line' id='line_1_2' title="bbox 99 307 1178 389; baseline -0.006 -13"><span class='ocrx_word' id='word_1_2' title='bbox 99 327 135 378; x_wconf 73' lang='lat' dir='ltr'><strong>aa</strong></span> <span class='ocrx_word' id='word_1_3' title='bbox 243 311 357 371; x_wconf 80' lang='lat' dir='ltr'><strong>Dantur</strong></span> <span class='ocrx_word' id='word_1_4' title='bbox 380 309 455 370; x_wconf 92' lang='lat' dir='ltr'><strong>hene</strong></span> <span class='ocrx_word' id='word_1_5' title='bbox 479 309 515 369; x_wconf 95' lang='lat' dir='ltr'><strong>ad</strong></span> <span class='ocrx_word' id='word_1_6' title='bbox 539 309 712 369; x_wconf 89' lang='lat' dir='ltr'><strong>solvendum</strong></span> <span class='ocrx_word' id='word_1_7' title='bbox 736 317 869 369; x_wconf 90' lang='lat' dir='ltr'><strong>ventrem</strong></span> <span class='ocrx_word' id='word_1_8' title='bbox 892 309 1044 388; x_wconf 87' lang='lat' dir='ltr'><strong>potiones·</strong></span> <span class='ocrx_word' id='word_1_9' title='bbox 1059 307 1113 370; x_wconf 88' lang='lat' dir='ltr'><strong>vel</strong></span> <span class='ocrx_word' id='word_1_10' title='bbox 1131 328 1178 389; x_wconf 95' lang='lat' dir='ltr'><strong>po·</strong></span> 
     </span>
     <span class='ocr_line' id='line_1_3' title="bbox 153 396 1178 479; baseline -0.002 -18"><span class='ocrx_word' id='word_1_11' title='bbox 153 402 232 462; x_wconf 85' lang='lat' dir='ltr'><strong>lenta</strong></span> <span class='ocrx_word' id='word_1_12' title='bbox 251 418 319 460; x_wconf 95' lang='lat' dir='ltr'><strong>cum</strong></span> <span class='ocrx_word' id='word_1_13' title='bbox 338 417 427 479; x_wconf 92' lang='lat' dir='ltr'><strong>aqua,</strong></span> <span class='ocrx_word' id='word_1_14' title='bbox 449 399 482 458; x_wconf 89' lang='lat' dir='ltr'><strong>iu</strong></span> <span class='ocrx_word' id='word_1_15' title='bbox 505 416 561 476; x_wconf 89' lang='lat' dir='ltr'><strong>qua</strong></span> <span class='ocrx_word' id='word_1_16' title='bbox 581 400 710 458; x_wconf 79' lang='lat' dir='ltr'>satureia</span> <span class='ocrx_word' id='word_1_17' title='bbox 736 404 787 457; x_wconf 94' lang='lat' dir='ltr'><strong>aut</strong></span> <span class='ocrx_word' id='word_1_18' title='bbox 805 396 937 475; x_wconf 91' lang='lat' dir='ltr'><strong>puleium</strong></span> <span class='ocrx_word' id='word_1_19' title='bbox 957 405 1014 457; x_wconf 89' lang='lat' dir='ltr'><strong>aut</strong></span> <span class='ocrx_word' id='word_1_20' title='bbox 1038 397 1178 478; x_wconf 85' lang='lat' dir='ltr'><strong>thymum</strong></span> 
     </span>
     <span class='ocr_line' id='line_1_4' title="bbox 153 485 1178 566; baseline -0.004 -16"><span class='ocrx_word' id='word_1_21' title='bbox 153 496 205 550; x_wconf 91' lang='lat' dir='ltr'><strong>aut</strong></span> <span class='ocrx_word' id='word_1_22' title='bbox 231 488 324 548; x_wconf 88' lang='lat' dir='ltr'><strong>herha</strong></span> <span class='ocrx_word' id='word_1_23' title='bbox 352 485 537 548; x_wconf 75' lang='lat' dir='ltr'><strong>Mercurialis</strong></span> <span class='ocrx_word' id='word_1_24' title='bbox 565 489 681 547; x_wconf 92' lang='lat' dir='ltr'><strong>incocta</strong></span> <span class='ocrx_word' id='word_1_25' title='bbox 709 486 813 566; x_wconf 82' lang='lat' dir='ltr'><strong>luerit3</strong></span> <span class='ocrx_word' id='word_1_26' title='bbox 841 485 892 545; x_wconf 89' lang='lat' dir='ltr'><strong>sed</strong></span> <span class='ocrx_word' id='word_1_27' title='bbox 921 485 1058 546; x_wconf 88' lang='lat' dir='ltr'><strong>ethaeo</strong></span> <span class='ocrx_word' id='word_1_28' title='bbox 1086 488 1129 548; x_wconf 90' lang='lat' dir='ltr'><strong>ita</strong></span> <span class='ocrx_word' id='word_1_29' title='bbox 1151 489 1178 547; x_wconf 96' lang='lat' dir='ltr'><strong>in</strong></span> 
     </span>
     <span class='ocr_line' id='line_1_5' title="bbox 153 573 1179 655; baseline -0.001 -17"><span class='ocrx_word' id='word_1_30' title='bbox 153 577 250 639; x_wconf 87' lang='lat' dir='ltr'><strong>trihus</strong></span> <span class='ocrx_word' id='word_1_31' title='bbox 278 578 416 637; x_wconf 80' lang='lat' dir='ltr'><strong>sextariis</strong></span> <span class='ocrx_word' id='word_1_32' title='bbox 443 593 536 653; x_wconf 92' lang='lat' dir='ltr'><strong>aquae</strong></span> <span class='ocrx_word' id='word_1_33' title='bbox 565 575 787 655; x_wconf 91' lang='lat' dir='ltr'><strong>decoquuntur,</strong></span> <span class='ocrx_word' id='word_1_34' title='bbox 817 574 911 634; x_wconf 93' lang='lat' dir='ltr'><strong>donec</strong></span> <span class='ocrx_word' id='word_1_35' title='bbox 940 573 977 633; x_wconf 95' lang='lat' dir='ltr'><strong>ad</strong></span> <span class='ocrx_word' id='word_1_36' title='bbox 1008 578 1179 636; x_wconf 85' lang='lat' dir='ltr'><strong>sextarium</strong></span> 
     </span>
     <span class='ocr_line' id='line_1_6' title="bbox 152 661 1198 746; baseline -0.008 -18"><span class='ocrx_word' id='word_1_37' title='bbox 152 667 351 746; x_wconf 87' lang='lat' dir='ltr'><strong>perducatur;</strong></span> <span class='ocrx_word' id='word_1_38' title='bbox 382 664 418 723; x_wconf 95' lang='lat' dir='ltr'><strong>ad</strong></span> <span class='ocrx_word' id='word_1_39' title='bbox 451 662 632 723; x_wconf 78' lang='lat' dir='ltr'><strong>inflationem</strong></span> <span class='ocrx_word' id='word_1_40' title='bbox 662 682 732 723; x_wconf 90' lang='lat' dir='ltr'><strong>vero</strong></span> <span class='ocrx_word' id='word_1_41' title='bbox 764 662 908 723; x_wconf 79' lang='lat' dir='ltr'><strong>stomachi</strong></span> <span class='ocrx_word' id='word_1_42' title='bbox 941 661 1120 725; x_wconf 78' lang='lat' dir='ltr'><strong>saliuncam</strong></span> <span class='ocrx_word' id='word_1_43' title='bbox 1152 666 1198 724; x_wconf 78' lang='lat' dir='ltr'><strong>ine</strong></span> 
     </span>
     <span class='ocr_line' id='line_1_7' title="bbox 154 750 1178 834; baseline -0.002 -18"><span class='ocrx_word' id='word_1_44' title='bbox 154 775 228 834; x_wconf 89' lang='lat' dir='ltr'><strong>aqna</strong></span> <span class='ocrx_word' id='word_1_45' title='bbox 257 755 384 832; x_wconf 83' lang='lat' dir='ltr'><strong>decoqui</strong></span> <span class='ocrx_word' id='word_1_46' title='bbox 411 759 530 830; x_wconf 81' lang='lat' dir='ltr'><strong>oportet</strong></span> <span class='ocrx_word' id='word_1_47' title='bbox 556 759 587 811; x_wconf 92' lang='lat' dir='ltr'><strong>et</strong></span> <span class='ocrx_word' id='word_1_48' title='bbox 611 754 749 830; x_wconf 84' lang='lat' dir='ltr'><strong>exiguum</strong></span> <span class='ocrx_word' id='word_1_49' title='bbox 773 758 890 812; x_wconf 90' lang='lat' dir='ltr'><strong>acetum</strong></span> <span class='ocrx_word' id='word_1_50' title='bbox 914 750 994 810; x_wconf 91' lang='lat' dir='ltr'><strong>adici</strong></span> <span class='ocrx_word' id='word_1_51' title='bbox 1019 760 1121 832; x_wconf 91' lang='lat' dir='ltr'><strong>atque</strong></span> <span class='ocrx_word' id='word_1_52' title='bbox 1143 755 1178 814; x_wconf 88' lang='lat' dir='ltr'><strong>ita</strong></span> 
     </span>
     <span class='ocr_line' id='line_1_8' title="bbox 153 842 335 922; baseline -0.022 -18"><span class='ocrx_word' id='word_1_53' title='bbox 153 845 238 922; x_wconf 92' lang='lat' dir='ltr'><strong>potui</strong></span> <span class='ocrx_word' id='word_1_54' title='bbox 262 842 335 901; x_wconf 90' lang='lat' dir='ltr'><strong>dari.</strong></span> 
     </span>
    </p>

    <p class='ocr_par' dir='ltr' id='par_1_3' title="bbox 100 928 1205 1450">
     <span class='ocr_line' id='line_1_9' title="bbox 100 928 1178 1008; baseline -0.005 -14"><span class='ocrx_word' id='word_1_55' title='bbox 100 945 134 994; x_wconf 82' lang='grc'><strong>39</strong></span> <span class='ocrx_word' id='word_1_56' title='bbox 244 928 396 1008; x_wconf 79' lang='lat' dir='ltr'><strong>Hysopum</strong></span> <span class='ocrx_word' id='word_1_57' title='bbox 418 930 516 989; x_wconf 85' lang='lat' dir='ltr'><strong>ventri</strong></span> <span class='ocrx_word' id='word_1_58' title='bbox 541 929 686 989; x_wconf 84' lang='lat' dir='ltr'><strong>movendo</strong></span> <span class='ocrx_word' id='word_1_59' title='bbox 709 928 913 988; x_wconf 88' lang='lat' dir='ltr'><strong>vehementius</strong></span> <span class='ocrx_word' id='word_1_60' title='bbox 937 935 985 988; x_wconf 91' lang='lat' dir='ltr'><strong>est</strong></span> <span class='ocrx_word' id='word_1_61' title='bbox 1010 946 1112 1006; x_wconf 88' lang='lat' dir='ltr'><strong>quam</strong></span> <span class='ocrx_word' id='word_1_62' title='bbox 1135 928 1178 989; x_wconf 86' lang='lat' dir='ltr'><strong>ah</strong></span> 
     </span>
     <span class='ocr_line' id='line_1_10' title="bbox 155 1016 1178 1097; baseline 0 -18"><span class='ocrx_word' id='word_1_63' title='bbox 155 1017 313 1097; x_wconf 89' lang='lat' dir='ltr'><strong>sinthium,</strong></span> <span class='ocrx_word' id='word_1_64' title='bbox 346 1017 433 1077; x_wconf 90' lang='lat' dir='ltr'><strong>datur</strong></span> <span class='ocrx_word' id='word_1_65' title='bbox 467 1025 564 1078; x_wconf 86' lang='lat' dir='ltr'><strong>autem</strong></span> <span class='ocrx_word' id='word_1_66' title='bbox 598 1016 735 1077; x_wconf 90' lang='lat' dir='ltr'><strong>similiter</strong></span> <span class='ocrx_word' id='word_1_67' title='bbox 762 1017 917 1077; x_wconf 90' lang='lat' dir='ltr'><strong>decoctum</strong></span> <span class='ocrx_word' id='word_1_68' title='bbox 946 1023 1042 1096; x_wconf 91' lang='lat' dir='ltr'><strong>atque</strong></span> <span class='ocrx_word' id='word_1_69' title='bbox 1077 1019 1178 1078; x_wconf 87' lang='lat' dir='ltr'><strong>eadem</strong></span> 
     </span>
     <span class='ocr_line' id='line_1_11' title="bbox 154 1105 1205 1187; baseline -0.006 -20"><span class='ocrx_word' id='word_1_70' title='bbox 154 1124 308 1186; x_wconf 80' lang='lat' dir='ltr'><strong>mensura3</strong></span> <span class='ocrx_word' id='word_1_71' title='bbox 337 1106 458 1184; x_wconf 90' lang='lat' dir='ltr'><strong>prodest</strong></span> <span class='ocrx_word' id='word_1_72' title='bbox 486 1108 573 1166; x_wconf 90' lang='lat' dir='ltr'><strong>etiam</strong></span> <span class='ocrx_word' id='word_1_73' title='bbox 601 1105 663 1187; x_wconf 91' lang='lat' dir='ltr'><strong>his,</strong></span> <span class='ocrx_word' id='word_1_74' title='bbox 690 1105 800 1184; x_wconf 89' lang='lat' dir='ltr'><strong>quihus</strong></span> <span class='ocrx_word' id='word_1_75' title='bbox 826 1107 856 1164; x_wconf 93' lang='lat' dir='ltr'><strong>in</strong></span> <span class='ocrx_word' id='word_1_76' title='bbox 884 1112 1011 1183; x_wconf 90' lang='lat' dir='ltr'><strong>pectore</strong></span> <span class='ocrx_word' id='word_1_77' title='bbox 1041 1105 1179 1186; x_wconf 89' lang='lat' dir='ltr'><strong>liquores</strong></span> <span class='ocrx_word' id='word_1_78' title='bbox 1188 1120 1205 1160; x_wconf 88' lang='lat' dir='ltr'><strong>u</strong></span> 
     </span>
     <span class='ocr_line' id='line_1_12' title="bbox 155 1192 1178 1274; baseline 0.002 -21"><span class='ocrx_word' id='word_1_79' title='bbox 155 1194 297 1272; x_wconf 84' lang='lat' dir='ltr'><strong>glutinosi</strong></span> <span class='ocrx_word' id='word_1_80' title='bbox 321 1193 502 1274; x_wconf 88' lang='lat' dir='ltr'><strong>subsistunt,</strong></span> <span class='ocrx_word' id='word_1_81' title='bbox 532 1196 583 1273; x_wconf 93' lang='lat' dir='ltr'><strong>qui</strong></span> <span class='ocrx_word' id='word_1_82' title='bbox 608 1201 639 1254; x_wconf 89' lang='lat' dir='ltr'><strong>et</strong></span> <span class='ocrx_word' id='word_1_83' title='bbox 662 1194 793 1272; x_wconf 89' lang='lat' dir='ltr'><strong>spirandi</strong></span> <span class='ocrx_word' id='word_1_84' title='bbox 817 1192 1026 1254; x_wconf 76' lang='lat' dir='ltr'><strong>difficultatem</strong></span> <span class='ocrx_word' id='word_1_85' title='bbox 1055 1203 1091 1256; x_wconf 91' lang='lat' dir='ltr'><strong>et</strong></span> <span class='ocrx_word' id='word_1_86' title='bbox 1116 1198 1178 1257; x_wconf 85' lang='lat' dir='ltr'><strong>stri·</strong></span> 
     </span>
     <span class='ocr_line' id='line_1_13' title="bbox 156 1282 1178 1362; baseline 0.002 -20"><span class='ocrx_word' id='word_1_87' title='bbox 156 1283 259 1342; x_wconf 93' lang='lat' dir='ltr'><strong>dorem</strong></span> <span class='ocrx_word' id='word_1_88' title='bbox 279 1282 424 1343; x_wconf 90' lang='lat' dir='ltr'><strong>stomachi</strong></span> <span class='ocrx_word' id='word_1_89' title='bbox 443 1283 569 1362; x_wconf 81' lang='lat' dir='ltr'><strong>faciunt3</strong></span> <span class='ocrx_word' id='word_1_90' title='bbox 592 1285 664 1342; x_wconf 91' lang='lat' dir='ltr'><strong>item</strong></span> <span class='ocrx_word' id='word_1_91' title='bbox 683 1282 730 1343; x_wconf 90' lang='lat' dir='ltr'><strong>his</strong></span> <span class='ocrx_word' id='word_1_92' title='bbox 747 1282 878 1361; x_wconf 89' lang='lat' dir='ltr'><strong>prodest,</strong></span> <span class='ocrx_word' id='word_1_93' title='bbox 901 1284 952 1360; x_wconf 92' lang='lat' dir='ltr'><strong>qui</strong></span> <span class='ocrx_word' id='word_1_94' title='bbox 971 1283 1006 1341; x_wconf 92' lang='lat' dir='ltr'><strong>in</strong></span> <span class='ocrx_word' id='word_1_95' title='bbox 1025 1290 1099 1346; x_wconf 87' lang='lat' dir='ltr'><strong>toto</strong></span> <span class='ocrx_word' id='word_1_96' title='bbox 1120 1303 1178 1345; x_wconf 86' lang='lat' dir='ltr'><strong>cor·</strong></span> 
     </span>
     <span class='ocr_line' id='line_1_14' title="bbox 154 1371 883 1450; baseline 0 -20"><span class='ocrx_word' id='word_1_97' title='bbox 154 1389 227 1450; x_wconf 93' lang='lat' dir='ltr'><strong>pore</strong></span> <span class='ocrx_word' id='word_1_98' title='bbox 250 1372 389 1432; x_wconf 85' lang='lat' dir='ltr'><strong>ridentur</strong></span> <span class='ocrx_word' id='word_1_99' title='bbox 412 1371 544 1449; x_wconf 88' lang='lat' dir='ltr'><strong>liquores</strong></span> <span class='ocrx_word' id='word_1_100' title='bbox 567 1379 724 1431; x_wconf 89' lang='lat' dir='ltr'><strong>concretos</strong></span> <span class='ocrx_word' id='word_1_101' title='bbox 746 1371 883 1430; x_wconf 86' lang='lat' dir='ltr'><strong>hahere.¹</strong></span> 
     </span>
    </p>

    <p class='ocr_par' dir='ltr' id='par_1_4' title="bbox 102 1458 1204 1892">
     <span class='ocr_line' id='line_1_15' title="bbox 102 1458 1178 1523; baseline 0.002 -2"><span class='ocrx_word' id='word_1_102' title='bbox 102 1472 138 1521; x_wconf 84' lang='lat'><strong>40</strong></span> <span class='ocrx_word' id='word_1_103' title='bbox 246 1460 343 1520; x_wconf 85' lang='lat' dir='ltr'><strong>Alium</strong></span> <span class='ocrx_word' id='word_1_104' title='bbox 359 1478 427 1520; x_wconf 93' lang='lat' dir='ltr'><strong>cum</strong></span> <span class='ocrx_word' id='word_1_105' title='bbox 441 1459 551 1519; x_wconf 89' lang='lat' dir='ltr'><strong>herbae</strong></span> <span class='ocrx_word' id='word_1_106' title='bbox 565 1458 750 1520; x_wconf 87' lang='lat' dir='ltr'><strong>Mercurialis</strong></span> <span class='ocrx_word' id='word_1_107' title='bbox 764 1458 842 1519; x_wconf 87' lang='lat' dir='ltr'><strong>loliis</strong></span> <span class='ocrx_word' id='word_1_108' title='bbox 856 1465 907 1518; x_wconf 90' lang='lat' dir='ltr'><strong>aut</strong></span> <span class='ocrx_word' id='word_1_109' title='bbox 921 1459 1041 1519; x_wconf 88' lang='lat' dir='ltr'><strong>semine</strong></span> <span class='ocrx_word' id='word_1_110' title='bbox 1059 1469 1178 1523; x_wconf 90' lang='lat' dir='ltr'><strong>coctum</strong></span> 
     </span>
     <span class='ocr_line' id='line_1_16' title="bbox 154 1546 1204 1628; baseline 0.005 -22"><span class='ocrx_word' id='word_1_111' title='bbox 154 1547 201 1608; x_wconf 90' lang='lat' dir='ltr'><strong>vel</strong></span> <span class='ocrx_word' id='word_1_112' title='bbox 223 1566 292 1608; x_wconf 92' lang='lat' dir='ltr'><strong>cum</strong></span> <span class='ocrx_word' id='word_1_113' title='bbox 316 1556 382 1608; x_wconf 88' lang='lat' dir='ltr'><strong>ruta</strong></span> <span class='ocrx_word' id='word_1_114' title='bbox 407 1555 437 1607; x_wconf 91' lang='lat' dir='ltr'><strong>et</strong></span> <span class='ocrx_word' id='word_1_115' title='bbox 459 1546 607 1607; x_wconf 90' lang='lat' dir='ltr'><strong>ahsinthio</strong></span> <span class='ocrx_word' id='word_1_116' title='bbox 631 1555 750 1608; x_wconf 92' lang='lat' dir='ltr'><strong>coctum</strong></span> <span class='ocrx_word' id='word_1_117' title='bbox 776 1549 869 1624; x_wconf 89' lang='lat' dir='ltr'><strong>magis</strong></span> <span class='ocrx_word' id='word_1_118' title='bbox 897 1555 999 1606; x_wconf 88' lang='lat' dir='ltr'><strong>movet</strong></span> <span class='ocrx_word' id='word_1_119' title='bbox 1027 1560 1177 1628; x_wconf 89' lang='lat' dir='ltr'><strong>ventrem,</strong></span> <span class='ocrx_word' id='word_1_120' title='bbox 1187 1563 1204 1603; x_wconf 75' lang='lat'><strong>1⁵</strong></span> 
     </span>
     <span class='ocr_line' id='line_1_17' title="bbox 154 1635 1178 1714; baseline 0.004 -19"><span class='ocrx_word' id='word_1_121' title='bbox 154 1636 286 1714; x_wconf 87' lang='lat' dir='ltr'><strong>liquores</strong></span> <span class='ocrx_word' id='word_1_122' title='bbox 320 1643 419 1695; x_wconf 87' lang='lat' dir='ltr'><strong>autem</strong></span> <span class='ocrx_word' id='word_1_123' title='bbox 453 1653 556 1695; x_wconf 91' lang='lat' dir='ltr'><strong>omnes</strong></span> <span class='ocrx_word' id='word_1_124' title='bbox 589 1635 712 1696; x_wconf 87' lang='lat' dir='ltr'><strong>adiectis</strong></span> <span class='ocrx_word' id='word_1_125' title='bbox 745 1635 860 1696; x_wconf 90' lang='lat' dir='ltr'><strong>duahus</strong></span> <span class='ocrx_word' id='word_1_126' title='bbox 889 1635 1036 1696; x_wconf 88' lang='lat' dir='ltr'><strong>radiculis</strong></span> <span class='ocrx_word' id='word_1_127' title='bbox 1068 1639 1178 1699; x_wconf 88' lang='lat' dir='ltr'><strong>veratri</strong></span> 
     </span>
     <span class='ocr_line' id='line_1_18' title="bbox 155 1723 1178 1802; baseline 0.002 -18"><span class='ocrx_word' id='word_1_128' title='bbox 155 1726 233 1802; x_wconf 83' lang='lat' dir='ltr'><strong>nigri</strong></span> <span class='ocrx_word' id='word_1_129' title='bbox 251 1726 339 1784; x_wconf 89' lang='lat' dir='ltr'><strong>etiam</strong></span> <span class='ocrx_word' id='word_1_130' title='bbox 358 1726 389 1783; x_wconf 93' lang='lat' dir='ltr'><strong>in</strong></span> <span class='ocrx_word' id='word_1_131' title='bbox 409 1723 485 1784; x_wconf 87' lang='lat' dir='ltr'><strong>lehri</strong></span> <span class='ocrx_word' id='word_1_132' title='bbox 504 1724 606 1785; x_wconf 90' lang='lat' dir='ltr'><strong>datum</strong></span> <span class='ocrx_word' id='word_1_133' title='bbox 625 1725 745 1786; x_wconf 90' lang='lat' dir='ltr'><strong>deducit</strong></span> <span class='ocrx_word' id='word_1_134' title='bbox 762 1742 817 1802; x_wconf 90' lang='lat' dir='ltr'><strong>per</strong></span> <span class='ocrx_word' id='word_1_135' title='bbox 835 1731 968 1784; x_wconf 88' lang='lat' dir='ltr'><strong>ventrem</strong></span> <span class='ocrx_word' id='word_1_136' title='bbox 989 1724 1038 1784; x_wconf 88' lang='lat' dir='ltr'><strong>vel</strong></span> <span class='ocrx_word' id='word_1_137' title='bbox 1056 1743 1178 1788; x_wconf 87' lang='lat' dir='ltr'><strong>sursum</strong></span> 
     </span>
     <span class='ocr_line' id='line_1_19' title="bbox 155 1814 641 1892; baseline 0.008 -22"><span class='ocrx_word' id='word_1_138' title='bbox 155 1831 259 1873; x_wconf 89' lang='lat' dir='ltr'><strong>versus</strong></span> <span class='ocrx_word' id='word_1_139' title='bbox 282 1830 336 1889; x_wconf 90' lang='lat' dir='ltr'><strong>per</strong></span> <span class='ocrx_word' id='word_1_140' title='bbox 360 1814 501 1874; x_wconf 87' lang='lat' dir='ltr'><strong>vomitum</strong></span> <span class='ocrx_word' id='word_1_141' title='bbox 524 1821 641 1892; x_wconf 90' lang='lat' dir='ltr'><strong>purgat.</strong></span> 
     </span>
    </p>

    <p class='ocr_par' dir='ltr' id='par_1_5' title="bbox 100 1899 1206 2670">
     <span class='ocr_line' id='line_1_20' title="bbox 100 1899 1178 1984; baseline 0.002 -23"><span class='ocrx_word' id='word_1_142' title='bbox 100 1913 135 1961; x_wconf 83' lang='lat'><strong>41</strong></span> <span class='ocrx_word' id='word_1_143' title='bbox 245 1900 430 1984; x_wconf 85' lang='lat' dir='ltr'><strong>Emhamma,</strong></span> <span class='ocrx_word' id='word_1_144' title='bbox 454 1920 512 1981; x_wconf 92' lang='lat' dir='ltr'><strong>quo</strong></span> <span class='ocrx_word' id='word_1_145' title='bbox 536 1911 640 1963; x_wconf 88' lang='lat' dir='ltr'><strong>venter</strong></span> <span class='ocrx_word' id='word_1_146' title='bbox 663 1901 794 1981; x_wconf 86' lang='lat' dir='ltr'><strong>solvitur,</strong></span> <span class='ocrx_word' id='word_1_147' title='bbox 818 1902 875 1961; x_wconf 91' lang='lat' dir='ltr'><strong>sic:</strong></span> <span class='ocrx_word' id='word_1_148' title='bbox 906 1899 1092 1964; x_wconf 86' lang='lat' dir='ltr'><strong>Scamoniae</strong></span> <span class='ocrx_word' id='word_1_149' title='bbox 1116 1904 1178 1984; x_wconf 84' lang='lat' dir='ltr'><strong>lll,</strong></span> 
     </span>
     <span class='ocr_line' id='line_1_21' title="bbox 155 1987 1206 2072; baseline 0.007 -24"><span class='ocrx_word' id='word_1_150' title='bbox 155 1989 314 2067; x_wconf 83' lang='lat' dir='ltr'><strong>zingiberis</strong></span> <span class='ocrx_word' id='word_1_151' title='bbox 344 1990 368 2050; x_wconf 84' lang='lat' dir='ltr'><strong>ll</strong></span> <span class='ocrx_word' id='word_1_152' title='bbox 395 1991 422 2072; x_wconf 86' lang='lat' dir='ltr'><strong>l,</strong></span> <span class='ocrx_word' id='word_1_153' title='bbox 452 1993 565 2071; x_wconf 86' lang='lat' dir='ltr'><strong>piperis</strong></span> <span class='ocrx_word' id='word_1_154' title='bbox 593 1990 618 2050; x_wconf 78' lang='lat' dir='ltr'><strong>ll</strong></span> <span class='ocrx_word' id='word_1_155' title='bbox 645 1989 674 2071; x_wconf 91' lang='lat' dir='ltr'><strong>l,</strong></span> <span class='ocrx_word' id='word_1_156' title='bbox 706 1991 777 2050; x_wconf 89' lang='lat' dir='ltr'><strong>nitri</strong></span> <span class='ocrx_word' id='word_1_157' title='bbox 804 1988 829 2049; x_wconf 84' lang='lat' dir='ltr'><strong>ll</strong></span> <span class='ocrx_word' id='word_1_158' title='bbox 859 1988 880 2048; x_wconf 93' lang='lat' dir='ltr'><strong>l.</strong></span> <span class='ocrx_word' id='word_1_159' title='bbox 931 1987 1015 2050; x_wconf 91' lang='lat' dir='ltr'><strong>Haec</strong></span> <span class='ocrx_word' id='word_1_160' title='bbox 1051 2001 1206 2054; x_wconf 75' lang='lat' dir='ltr'><strong>contnuo</strong></span> 
     </span>
     <span class='ocr_line' id='line_1_22' title="bbox 156 2078 1179 2159; baseline 0.006 -22"><span class='ocrx_word' id='word_1_161' title='bbox 156 2085 186 2138; x_wconf 95' lang='lat' dir='ltr'><strong>et</strong></span> <span class='ocrx_word' id='word_1_162' title='bbox 214 2078 342 2140; x_wconf 88' lang='lat' dir='ltr'><strong>cribrata</strong></span> <span class='ocrx_word' id='word_1_163' title='bbox 370 2088 573 2159; x_wconf 79' lang='lat' dir='ltr'><strong>reponuntur3</strong></span> <span class='ocrx_word' id='word_1_164' title='bbox 600 2079 669 2139; x_wconf 93' lang='lat' dir='ltr'><strong>inde</strong></span> <span class='ocrx_word' id='word_1_165' title='bbox 697 2096 765 2139; x_wconf 91' lang='lat' dir='ltr'><strong>cum</strong></span> <span class='ocrx_word' id='word_1_166' title='bbox 794 2096 869 2157; x_wconf 87' lang='lat' dir='ltr'><strong>opus</strong></span> <span class='ocrx_word' id='word_1_167' title='bbox 897 2085 943 2138; x_wconf 94' lang='lat' dir='ltr'><strong>est</strong></span> <span class='ocrx_word' id='word_1_168' title='bbox 968 2081 1112 2142; x_wconf 90' lang='lat' dir='ltr'><strong>sumitur</strong></span> <span class='ocrx_word' id='word_1_169' title='bbox 1134 2100 1179 2143; x_wconf 91' lang='lat' dir='ltr'><strong>oo·</strong></span> 
     </span>
     <span class='ocr_line' id='line_1_23' title="bbox 155 2166 1179 2247; baseline 0.005 -21"><span class='ocrx_word' id='word_1_170' title='bbox 155 2166 252 2227; x_wconf 90' lang='lat' dir='ltr'><strong>cleare</strong></span> <span class='ocrx_word' id='word_1_171' title='bbox 279 2168 399 2247; x_wconf 92' lang='lat' dir='ltr'><strong>plenum</strong></span> <span class='ocrx_word' id='word_1_172' title='bbox 431 2177 461 2230; x_wconf 92' lang='lat' dir='ltr'><strong>et</strong></span> <span class='ocrx_word' id='word_1_173' title='bbox 490 2169 617 2228; x_wconf 92' lang='lat' dir='ltr'><strong>adicitur</strong></span> <span class='ocrx_word' id='word_1_174' title='bbox 645 2167 808 2227; x_wconf 90' lang='lat' dir='ltr'><strong>emhamma</strong></span> <span class='ocrx_word' id='word_1_175' title='bbox 836 2166 945 2226; x_wconf 87' lang='lat' dir='ltr'><strong>lactum</strong></span> <span class='ocrx_word' id='word_1_176' title='bbox 975 2185 1013 2226; x_wconf 86' lang='lat' dir='ltr'><strong>ex</strong></span> <span class='ocrx_word' id='word_1_177' title='bbox 1042 2187 1124 2247; x_wconf 87' lang='lat' dir='ltr'><strong>garo</strong></span> <span class='ocrx_word' id='word_1_178' title='bbox 1153 2179 1179 2231; x_wconf 90' lang='lat' dir='ltr'><strong>et</strong></span> 
     </span>
     <span class='ocr_line' id='line_1_24' title="bbox 158 2254 1179 2334; baseline 0.006 -22"><span class='ocrx_word' id='word_1_179' title='bbox 158 2263 241 2313; x_wconf 88' lang='lat' dir='ltr'><strong>aceto</strong></span> <span class='ocrx_word' id='word_1_180' title='bbox 266 2274 422 2316; x_wconf 87' lang='lat' dir='ltr'><strong>mensurae</strong></span> <span class='ocrx_word' id='word_1_181' title='bbox 445 2256 543 2334; x_wconf 85' lang='lat' dir='ltr'><strong>cyathi</strong></span> <span class='ocrx_word' id='word_1_182' title='bbox 566 2256 689 2316; x_wconf 89' lang='lat' dir='ltr'><strong>dimidii.</strong></span> <span class='ocrx_word' id='word_1_183' title='bbox 725 2255 769 2315; x_wconf 88' lang='lat' dir='ltr'><strong>Ex</strong></span> <span class='ocrx_word' id='word_1_184' title='bbox 792 2255 849 2316; x_wconf 90' lang='lat' dir='ltr'><strong>hoc</strong></span> <span class='ocrx_word' id='word_1_185' title='bbox 872 2254 1019 2315; x_wconf 85' lang='lat' dir='ltr'><strong>lactucam</strong></span> <span class='ocrx_word' id='word_1_186' title='bbox 1046 2267 1105 2327; x_wconf 83' lang='lat' dir='ltr'><strong>aut</strong></span> <span class='ocrx_word' id='word_1_187' title='bbox 1123 2259 1179 2320; x_wconf 87' lang='lat' dir='ltr'><strong>vol·</strong></span> 
     </span>
     <span class='ocr_line' id='line_1_25' title="bbox 158 2343 1178 2424; baseline 0.011 -26"><span class='ocrx_word' id='word_1_188' title='bbox 158 2359 222 2400; x_wconf 84' lang='lat' dir='ltr'><strong>vam</strong></span> <span class='ocrx_word' id='word_1_189' title='bbox 252 2343 407 2402; x_wconf 90' lang='lat' dir='ltr'><strong>comedere</strong></span> <span class='ocrx_word' id='word_1_190' title='bbox 430 2345 563 2405; x_wconf 91' lang='lat' dir='ltr'><strong>ieiunum</strong></span> <span class='ocrx_word' id='word_1_191' title='bbox 587 2352 719 2424; x_wconf 87' lang='lat' dir='ltr'><strong>oportet,</strong></span> <span class='ocrx_word' id='word_1_192' title='bbox 746 2344 797 2404; x_wconf 91' lang='lat' dir='ltr'><strong>sed</strong></span> <span class='ocrx_word' id='word_1_193' title='bbox 822 2346 944 2422; x_wconf 91' lang='lat' dir='ltr'><strong>sensim,</strong></span> <span class='ocrx_word' id='word_1_194' title='bbox 967 2360 1032 2404; x_wconf 93' lang='lat' dir='ltr'><strong>non</strong></span> <span class='ocrx_word' id='word_1_195' title='bbox 1058 2351 1178 2409; x_wconf 87' lang='lat' dir='ltr'><strong>univer·</strong></span> 
     </span>
     <span class='ocr_line' id='line_1_26' title="bbox 158 2429 1204 2512; baseline 0.009 -24"><span class='ocrx_word' id='word_1_196' title='bbox 158 2447 228 2489; x_wconf 90' lang='lat' dir='ltr'><strong>sam.</strong></span> <span class='ocrx_word' id='word_1_197' title='bbox 267 2429 340 2490; x_wconf 87' lang='lat' dir='ltr'><strong>Cum</strong></span> <span class='ocrx_word' id='word_1_198' title='bbox 365 2432 432 2510; x_wconf 89' lang='lat' dir='ltr'><strong>quis</strong></span> <span class='ocrx_word' id='word_1_199' title='bbox 454 2451 508 2511; x_wconf 92' lang='lat' dir='ltr'><strong>per</strong></span> <span class='ocrx_word' id='word_1_200' title='bbox 527 2441 660 2494; x_wconf 88' lang='lat' dir='ltr'><strong>ventrem</strong></span> <span class='ocrx_word' id='word_1_201' title='bbox 679 2440 823 2512; x_wconf 90' lang='lat' dir='ltr'><strong>purgatus</strong></span> <span class='ocrx_word' id='word_1_202' title='bbox 842 2433 940 2511; x_wconf 85' lang='lat' dir='ltr'><strong>luerit,</strong></span> <span class='ocrx_word' id='word_1_203' title='bbox 964 2434 1060 2494; x_wconf 86' lang='lat' dir='ltr'><strong>etiam</strong></span> <span class='ocrx_word' id='word_1_204' title='bbox 1083 2444 1204 2498; x_wconf 72' lang='lat' dir='ltr'><strong>vomam</strong></span> 
     </span>
     <span class='ocr_line' id='line_1_27' title="bbox 157 2517 1178 2602; baseline 0.008 -25"><span class='ocrx_word' id='word_1_205' title='bbox 157 2519 187 2577; x_wconf 89' lang='lat' dir='ltr'><strong>iu</strong></span> <span class='ocrx_word' id='word_1_206' title='bbox 216 2517 332 2578; x_wconf 90' lang='lat' dir='ltr'><strong>halineo</strong></span> <span class='ocrx_word' id='word_1_207' title='bbox 361 2521 622 2602; x_wconf 84' lang='lat' dir='ltr'><strong>medicamentum,</strong></span> <span class='ocrx_word' id='word_1_208' title='bbox 654 2540 712 2600; x_wconf 92' lang='lat' dir='ltr'><strong>quo</strong></span> <span class='ocrx_word' id='word_1_209' title='bbox 741 2522 852 2581; x_wconf 87' lang='lat' dir='ltr'><strong>reiecto</strong></span> <span class='ocrx_word' id='word_1_210' title='bbox 881 2519 1002 2579; x_wconf 91' lang='lat' dir='ltr'><strong>domum</strong></span> <span class='ocrx_word' id='word_1_211' title='bbox 1034 2541 1178 2587; x_wconf 89' lang='lat' dir='ltr'><strong>reversus</strong></span> 
     </span>
     <span class='ocr_line' id='line_1_28' title="bbox 158 2605 773 2670; baseline 0.005 -5"><span class='ocrx_word' id='word_1_212' title='bbox 158 2605 258 2666; x_wconf 92' lang='lat' dir='ltr'><strong>cibum</strong></span> <span class='ocrx_word' id='word_1_213' title='bbox 283 2610 468 2670; x_wconf 82' lang='lat' dir='ltr'><strong>sufficienter</strong></span> <span class='ocrx_word' id='word_1_214' title='bbox 491 2617 521 2670; x_wconf 91' lang='lat' dir='ltr'><strong>et</strong></span> <span class='ocrx_word' id='word_1_215' title='bbox 544 2612 644 2669; x_wconf 89' lang='lat' dir='ltr'><strong>vinum</strong></span> <span class='ocrx_word' id='word_1_216' title='bbox 668 2616 773 2669; x_wconf 89' lang='lat' dir='ltr'><strong>sumat.</strong></span> 
     </span>
    </p>

    <p class='ocr_par' dir='ltr' id='par_1_6' title="bbox 102 2694 1200 2955">
     <span class='ocr_line' id='line_1_29' title="bbox 102 2694 1176 2776; baseline 0.007 -20"><span class='ocrx_word' id='word_1_217' title='bbox 102 2707 138 2756; x_wconf 80' lang='lat'><strong>42</strong></span> <span class='ocrx_word' id='word_1_218' title='bbox 248 2695 328 2757; x_wconf 90' lang='lat' dir='ltr'><strong>Vinis</strong></span> <span class='ocrx_word' id='word_1_219' title='bbox 357 2700 401 2758; x_wconf 90' lang='lat' dir='ltr'><strong>uti</strong></span> <span class='ocrx_word' id='word_1_220' title='bbox 429 2705 547 2776; x_wconf 90' lang='lat' dir='ltr'><strong>oportet</strong></span> <span class='ocrx_word' id='word_1_221' title='bbox 574 2698 609 2757; x_wconf 93' lang='lat' dir='ltr'><strong>ad</strong></span> <span class='ocrx_word' id='word_1_222' title='bbox 637 2699 847 2757; x_wconf 88' lang='lat' dir='ltr'><strong>intestinorum</strong></span> <span class='ocrx_word' id='word_1_223' title='bbox 876 2694 994 2755; x_wconf 87' lang='lat' dir='ltr'><strong>dolores</strong></span> <span class='ocrx_word' id='word_1_224' title='bbox 1024 2697 1123 2763; x_wconf 85' lang='lat' dir='ltr'><strong>factis</strong></span> <span class='ocrx_word' id='word_1_225' title='bbox 1147 2720 1176 2762; x_wconf 81' lang='lat' dir='ltr'><strong>ex</strong></span> 
     </span>
     <span class='ocr_line' id='line_1_30' title="bbox 156 2783 1176 2872; baseline 0.004 -28"><span class='ocrx_word' id='word_1_226' title='bbox 156 2793 222 2845; x_wconf 91' lang='lat' dir='ltr'><strong>ruta</strong></span> <span class='ocrx_word' id='word_1_227' title='bbox 243 2793 273 2845; x_wconf 95' lang='lat' dir='ltr'><strong>et</strong></span> <span class='ocrx_word' id='word_1_228' title='bbox 291 2785 399 2865; x_wconf 82' lang='lat' dir='ltr'><strong>puleio,</strong></span> <span class='ocrx_word' id='word_1_229' title='bbox 423 2789 498 2866; x_wconf 88' lang='lat' dir='ltr'><strong>apio,</strong></span> <span class='ocrx_word' id='word_1_230' title='bbox 522 2787 652 2867; x_wconf 89' lang='lat' dir='ltr'><strong>origano,</strong></span> <span class='ocrx_word' id='word_1_231' title='bbox 676 2804 774 2866; x_wconf 89' lang='lat' dir='ltr'><strong>aneso,</strong></span> <span class='ocrx_word' id='word_1_232' title='bbox 798 2785 901 2866; x_wconf 89' lang='lat' dir='ltr'><strong>dauco,</strong></span> <span class='ocrx_word' id='word_1_233' title='bbox 919 2783 1035 2867; x_wconf 84' lang='lat' dir='ltr'><strong>thymo,</strong></span> <span class='ocrx_word' id='word_1_234' title='bbox 1053 2787 1176 2872; x_wconf 81' lang='lat' dir='ltr'><strong>hysopo,</strong></span> 
     </span>
     <span class='ocr_line' id='line_1_31' title="bbox 156 2874 1200 2955; baseline 0.002 -22"><span class='ocrx_word' id='word_1_235' title='bbox 156 2892 276 2953; x_wconf 88' lang='lat' dir='ltr'><strong>panace,</strong></span> <span class='ocrx_word' id='word_1_236' title='bbox 301 2874 457 2955; x_wconf 90' lang='lat' dir='ltr'><strong>dictamno,</strong></span> <span class='ocrx_word' id='word_1_237' title='bbox 481 2874 597 2935; x_wconf 91' lang='lat' dir='ltr'><strong>anetho.</strong></span> <span class='ocrx_word' id='word_1_238' title='bbox 1183 2888 1200 2928; x_wconf 73' lang='lat' dir='ltr'><strong>a</strong></span> 
     </span>
    </p>

    <p class='ocr_par' dir='ltr' id='par_1_7' title="bbox 104 2960 1176 3308">
     <span class='ocr_line' id='line_1_32' title="bbox 104 2960 1176 3029; baseline 0.01 -10"><span class='ocrx_word' id='word_1_239' title='bbox 104 2973 139 3020; x_wconf 88' lang='grc'><strong>43</strong></span> <span class='ocrx_word' id='word_1_240' title='bbox 248 2960 356 3022; x_wconf 89' lang='lat' dir='ltr'><strong>Sahuci</strong></span> <span class='ocrx_word' id='word_1_241' title='bbox 389 2981 490 3023; x_wconf 90' lang='lat' dir='ltr'><strong>semen</strong></span> <span class='ocrx_word' id='word_1_242' title='bbox 524 2964 628 3023; x_wconf 90' lang='lat' dir='ltr'><strong>tritum</strong></span> <span class='ocrx_word' id='word_1_243' title='bbox 655 2981 723 3023; x_wconf 92' lang='lat' dir='ltr'><strong>cum</strong></span> <span class='ocrx_word' id='word_1_244' title='bbox 751 2962 819 3022; x_wconf 81' lang='lat' dir='ltr'><strong>rino</strong></span> <span class='ocrx_word' id='word_1_245' title='bbox 848 2962 948 3022; x_wconf 91' lang='lat' dir='ltr'><strong>datum</strong></span> <span class='ocrx_word' id='word_1_246' title='bbox 977 2969 1009 3022; x_wconf 88' lang='lat' dir='ltr'><strong>et</strong></span> <span class='ocrx_word' id='word_1_247' title='bbox 1037 2975 1176 3029; x_wconf 87' lang='lat' dir='ltr'><strong>ventrem</strong></span> 
     </span>
     <span class='ocr_line' id='line_1_33' title="bbox 154 3050 1175 3137; baseline 0.008 -29"><span class='ocrx_word' id='word_1_248' title='bbox 154 3059 252 3110; x_wconf 84' lang='lat' dir='ltr'><strong>movet</strong></span> <span class='ocrx_word' id='word_1_249' title='bbox 272 3059 301 3111; x_wconf 92' lang='lat' dir='ltr'><strong>et</strong></span> <span class='ocrx_word' id='word_1_250' title='bbox 319 3052 441 3129; x_wconf 89' lang='lat' dir='ltr'><strong>prodest</strong></span> <span class='ocrx_word' id='word_1_251' title='bbox 459 3053 670 3112; x_wconf 92' lang='lat' dir='ltr'><strong>intestinorum</strong></span> <span class='ocrx_word' id='word_1_252' title='bbox 690 3050 856 3130; x_wconf 83' lang='lat' dir='ltr'><strong>dolorihus3</strong></span> <span class='ocrx_word' id='word_1_253' title='bbox 874 3050 1091 3132; x_wconf 88' lang='lat' dir='ltr'><strong>chamaeropis</strong></span> <span class='ocrx_word' id='word_1_254' title='bbox 1107 3075 1175 3137; x_wconf 92' lang='lat' dir='ltr'><strong>quo·</strong></span> 
     </span>
     <span class='ocr_line' id='line_1_34' title="bbox 155 3139 1175 3217; baseline 0.009 -21"><span class='ocrx_word' id='word_1_255' title='bbox 155 3155 212 3213; x_wconf 91' lang='lat' dir='ltr'><strong>que</strong></span> <span class='ocrx_word' id='word_1_256' title='bbox 246 3157 346 3199; x_wconf 89' lang='lat' dir='ltr'><strong>semen</strong></span> <span class='ocrx_word' id='word_1_257' title='bbox 381 3159 416 3200; x_wconf 87' lang='lat' dir='ltr'><strong>ex</strong></span> <span class='ocrx_word' id='word_1_258' title='bbox 445 3142 512 3199; x_wconf 90' lang='lat' dir='ltr'><strong>vino</strong></span> <span class='ocrx_word' id='word_1_259' title='bbox 540 3140 641 3201; x_wconf 89' lang='lat' dir='ltr'><strong>datum</strong></span> <span class='ocrx_word' id='word_1_260' title='bbox 671 3139 806 3200; x_wconf 88' lang='lat' dir='ltr'><strong>similiter</strong></span> <span class='ocrx_word' id='word_1_261' title='bbox 833 3139 956 3217; x_wconf 88' lang='lat' dir='ltr'><strong>prodest</strong></span> <span class='ocrx_word' id='word_1_262' title='bbox 989 3158 1118 3205; x_wconf 92' lang='lat' dir='ltr'><strong>necnon</strong></span> <span class='ocrx_word' id='word_1_263' title='bbox 1149 3153 1175 3205; x_wconf 90' lang='lat' dir='ltr'><strong>et</strong></span> 
     </span>
     <span class='ocr_line' id='line_1_35' title="bbox 155 3224 1173 3308; baseline 0.013 -27"><span class='ocrx_word' id='word_1_264' title='bbox 155 3224 354 3304; x_wconf 82' lang='lat' dir='ltr'><strong>chamaepitys</strong></span> <span class='ocrx_word' id='word_1_265' title='bbox 373 3230 443 3287; x_wconf 92' lang='lat' dir='ltr'><strong>trita</strong></span> <span class='ocrx_word' id='word_1_266' title='bbox 463 3247 498 3287; x_wconf 85' lang='lat' dir='ltr'><strong>ex</strong></span> <span class='ocrx_word' id='word_1_267' title='bbox 518 3229 585 3287; x_wconf 85' lang='lat' dir='ltr'><strong>vino</strong></span> <span class='ocrx_word' id='word_1_268' title='bbox 605 3235 673 3308; x_wconf 88' lang='lat' dir='ltr'><strong>pota</strong></span> <span class='ocrx_word' id='word_1_269' title='bbox 693 3229 771 3289; x_wconf 93' lang='lat' dir='ltr'><strong>idem</strong></span> <span class='ocrx_word' id='word_1_270' title='bbox 790 3234 929 3308; x_wconf 89' lang='lat' dir='ltr'><strong>praestat,</strong></span> <span class='ocrx_word' id='word_1_271' title='bbox 953 3228 1047 3290; x_wconf 89' lang='lat' dir='ltr'><strong>etiam</strong></span> <span class='ocrx_word' id='word_1_272' title='bbox 1072 3251 1173 3296; x_wconf 90' lang='lat' dir='ltr'><strong>semen</strong></span> 
     </span>
    </p>
   </div>
   <div class='ocr_carea' id='block_1_3' title="bbox 244 3359 1172 3432">
    <p class='ocr_par' dir='ltr' id='par_1_8' title="bbox 244 3359 1172 3432">
     <span class='ocr_line' id='line_1_36' title="bbox 244 3359 1172 3432; baseline 0.015 -21"><span class='ocrx_word' id='word_1_273' title='bbox 244 3359 414 3430; x_wconf 68' lang='lat' dir='ltr'><strong>tsalureia]</strong></span> <span class='ocrx_word' id='word_1_274' title='bbox 433 3364 572 3417; x_wconf 76' lang='lat' dir='ltr'><strong>euicere.</strong></span> <span class='ocrx_word' id='word_1_275' title='bbox 617 3363 750 3431; x_wconf 86' lang='lat' dir='ltr'><strong>poleium.</strong></span> <span class='ocrx_word' id='word_1_276' title='bbox 797 3368 829 3415; x_wconf 93' lang='lat'><strong>11</strong></span> <span class='ocrx_word' id='word_1_277' title='bbox 847 3360 1004 3432; x_wconf 85' lang='lat' dir='ltr'><strong>gluttinosi.</strong></span> <span class='ocrx_word' id='word_1_278' title='bbox 1060 3373 1098 3422; x_wconf 86' lang='grc'><strong>13</strong></span> <span class='ocrx_word' id='word_1_279' title='bbox 1113 3385 1172 3424; x_wconf 88' lang='lat' dir='ltr'><strong>con·</strong></span> 
     </span>
    </p>
   </div>
   <div class='ocr_carea' id='block_1_4' title="bbox 153 3430 1171 3571">
    <p class='ocr_par' dir='ltr' id='par_1_9' title="bbox 153 3430 1171 3571">
     <span class='ocr_line' id='line_1_37' title="bbox 155 3430 1171 3509; baseline 0.012 -29"><span class='ocrx_word' id='word_1_280' title='bbox 155 3430 258 3500; x_wconf 86' lang='lat' dir='ltr'><strong>cretos]</strong></span> <span class='ocrx_word' id='word_1_281' title='bbox 279 3432 434 3486; x_wconf 86' lang='lat' dir='ltr'><strong>concoctos.</strong></span> <span class='ocrx_word' id='word_1_282' title='bbox 513 3437 546 3485; x_wconf 85' lang='lat'><strong>14</strong></span> <span class='ocrx_word' id='word_1_283' title='bbox 566 3431 654 3486; x_wconf 84' lang='lat' dir='ltr'><strong>alium</strong></span> <span class='ocrx_word' id='word_1_284' title='bbox 674 3438 723 3488; x_wconf 77' lang='lat' dir='ltr'><strong>lm</strong></span> <span class='ocrx_word' id='word_1_285' title='bbox 741 3433 839 3489; x_wconf 84' lang='lat' dir='ltr'><strong>allium</strong></span> <span class='ocrx_word' id='word_1_286' title='bbox 857 3439 917 3490; x_wconf 77' lang='lat' dir='ltr'><strong>2m.</strong></span> <span class='ocrx_word' id='word_1_287' title='bbox 999 3439 1038 3489; x_wconf 78' lang='lat'><strong>28</strong></span> <span class='ocrx_word' id='word_1_288' title='bbox 1057 3439 1171 3509; x_wconf 76' lang='lat' dir='ltr'><strong>oportit</strong></span> 
     </span>
     <span class='ocr_line' id='line_1_38' title="bbox 153 3499 610 3571; baseline 0.011 -19"><span class='ocrx_word' id='word_1_289' title='bbox 153 3503 188 3552; x_wconf 81' lang='lat'><strong>29</strong></span> <span class='ocrx_word' id='word_1_290' title='bbox 208 3499 316 3556; x_wconf 86' lang='lat' dir='ltr'><strong>daucio.</strong></span> <span class='ocrx_word' id='word_1_291' title='bbox 390 3506 423 3555; x_wconf 79' lang='lat'><strong>32</strong></span> <span class='ocrx_word' id='word_1_292' title='bbox 444 3503 610 3571; x_wconf 84' lang='lat' dir='ltr'><strong>chameropi.</strong></span> 
     </span>
    </p>
   </div>
   <div class='ocr_carea' id='block_1_5' title="bbox 0 0 1220 3878">
    <p class='ocr_par' dir='ltr' id='par_1_10' title="bbox 0 0 1220 3878">
     <span class='ocr_line' id='line_1_39' title="bbox 0 0 1220 3878; baseline 0 0"><span class='ocrx_word' id='word_1_293' title='bbox 0 0 1220 3878; x_wconf 95' lang='lat' dir='ltr'><strong> </strong></span> 
     </span>
    </p>
   </div>
  </div>
 </body>
</html>
