2422 3878
551 189 586 198 -
637 153 788 218 340-

106 331 140 380 49
248 317 438 395 Apostenrata
462 325 496 376 ut
519 314 724 376 remolliantur
748 321 799 374 aut
822 316 849 374 si
872 314 968 374 mollia
993 315 1118 394 fuerint,
1146 325 1181 376 ut

159 407 381 486 dispargantur,
410 406 500 465 iacies
522 403 770 464 medicamentum
794 402 866 483 tale,
889 421 948 482 quo
973 402 1047 463 nihil
1071 411 1180 481 potan-

159 497 218 555 tius
247 502 307 555 est:
339 493 455 554 Harbae
483 492 629 552 marrubii
657 492 725 552 iolia
754 492 858 551 viridia
884 491 1051 552 contundes
1074 500 1130 553 aut
1154 494 1181 554 si

158 583 263 644 viridia
287 601 347 643 non
371 583 492 661 scierint,
515 580 645 641 involuta
669 580 747 641 foliis
771 580 882 640 malvae
905 580 951 639 vel
973 598 1179 658 personaoeae

159 672 214 733 sub
243 675 343 732 cinere
372 670 467 730 calido
495 687 619 749 coques3
647 668 754 729 deinde
782 686 888 748 panem
914 669 1074 729 candidum
1097 670 1205 731 inlu-⁵

159 779 225 820 sum
249 763 316 820 vino
341 761 435 818 veteri
458 758 548 818 addes
572 766 600 817 et
623 761 778 837 axungiam
798 757 938 818 miscebis
958 766 988 818 et
1006 757 1120 818 tundes
1141 759 1179 819 de

158 849 274 937 ligno
266 867 297 908 ιιι
326 846 422 926 lignea
449 846 522 927 pila,
553 847 604 907 sed
634 845 819 926 observabis,
849 854 883 906 ut
910 848 995 925 panis
1022 846 1117 906 infusi
1150 857 1181 908 et

159 938 302 1014 axungiae
318 946 418 1014 partes
434 935 566 1014 singulae
581 937 649 1016 siut,
667 934 777 996 herbae
792 953 862 995 vero
876 942 976 1015 partes
991 934 1068 994 duae
1068 936 1178 1015 ,quod

159 1024 311 1103 emplastri
335 1041 417 1084 more
440 1042 526 1084 mane
550 1032 580 1085 et
603 1041 671 1084 sero
695 1024 768 1084 locis
791 1025 968 1084 necessariis
991 1025 1142 1101 impones

105 1126 139 1175 to
249 1112 424 1191 Inguinibus
441 1112 575 1173 mirabile
591 1111 710 1173 exbibet
723 1112 887 1173 remedium
903 1130 940 1171 ex
954 1111 1119 1190 gallinacea
1134 1113 1179 1173 ala
1193 1130 1211 1168 o

160 1201 321 1262 ossiculum
342 1209 508 1262 extremum
530 1201 675 1261 cocleario
694 1201 879 1262 terebratum
897 1201 1043 1278 nodisque
1059 1211 1181 1280 septem

159 1290 227 1350 licio
251 1291 374 1368 ligatum
398 1298 486 1369 atque
510 1292 550 1350 ita
574 1289 695 1350 brachio
720 1290 765 1350 val
787 1291 870 1350 cruri
888 1291 952 1348 eius
971 1291 1074 1368 partis,
1101 1309 1180 1369 quae

159 1382 280 1458 inguina
303 1377 402 1459 habet,
426 1396 612 1458 suspensum.
674 1423 676 1426 ψ

107 1480 142 1530 ιι
250 1468 356 1546 Lipara
376 1467 411 1527 ad
431 1470 633 1544 intertrigines
653 1469 709 1526 sic:
733 1465 886 1546 Cerussae,
907 1483 1029 1543 spumae
1048 1471 1180 1549 argenti,

159 1557 305 1617 medullae
325 1559 470 1636 cervinae,
490 1558 552 1616 sevi
571 1557 682 1615 cervini
701 1554 793 1614 libras
808 1554 946 1632 singulas,
965 1572 1091 1614 ovorum
1109 1566 1181 1618 octo
1205 1593 1210 1607 ·

159 1645 268 1725 album,
292 1647 353 1704 vini
377 1644 447 1704 boni
467 1647 633 1724 quartarios
652 1643 714 1722 llll,
733 1645 810 1704 turis
828 1643 948 1721 pollinis
966 1645 1070 1703 uncias
1092 1654 1182 1723 quat-

158 1744 236 1814 tuor,
252 1751 338 1794 rosae
353 1733 517 1812 Campanae
531 1733 563 1794 P.
578 1750 681 1813 unum,
695 1732 833 1792 aluminis
847 1734 1036 1792 semunciam.
1066 1731 1181 1795 Cerus-

159 1841 221 1883 sam
251 1830 280 1882 ct
309 1839 442 1901 spumam
472 1822 592 1900 tundcs,
623 1828 721 1881 catara
749 1822 884 1880 remittes
913 1828 942 1880 et
969 1822 1000 1879 in
1029 1826 1180 1883 mortario

157 1912 283 1972 terendo
308 1913 445 1971 universa
468 1909 617 1972 miscebis

104 2013 138 2062 ta
248 2000 434 2078 Porriginem
457 2001 680 2078 intertriginum
704 1999 867 2059 interficies
885 1998 943 2058 hoc
962 1998 1179 2062 medicamine:
1196 2025 1209 2049 ἰ

158 2089 246 2169 Picio,
272 2091 397 2168 resinae,
421 2107 516 2168 cerae,
539 2088 649 2168 butyri,
673 2088 735 2147 sevi
758 2090 886 2168 caprini,
910 2104 1032 2164 spumae
1056 2093 1181 2167 argenti

157 2179 255 2236 unciis
279 2176 404 2254 singulis
427 2180 458 2237 in
482 2195 574 2238 ιιιιιιιιι
598 2177 762 2254 permixtis,
786 2178 812 2235 si
835 2178 929 2235 utaris
952 2174 1084 2235 adsidue.

547 2368 625 2429 dtr
649 2367 779 2428 xxxiii

157 2479 316 2550 capaneo
345 2481 380 2536 et
406 2481 541 2535 veretro
566 2479 636 2534 sive
659 2479 819 2536 verendis
841 2478 999 2536 virilibus
1022 2455 1057 2536 et
1079 2484 1179 2540 testi·

157 2569 244 2626 culis
273 2537 467 2627 dolentibus
495 2568 551 2625 vel
577 2568 806 2639 pendentibus
838 2572 873 2625 et
901 2569 1068 2625 herniosis
1102 2572 1179 2630 siva

157 2658 238 2715 viris
266 2659 337 2715 sive
365 2659 552 2717 infantibus
580 2661 614 2715 et
641 2659 746 2716 rebus
773 2658 918 2715 veneriis
946 2660 980 2713 et
1003 2661 1178 2718 eunuchis

158 2750 230 2806 sina
257 2749 351 2806 ferro
379 2748 544 2806 faciendis
566 2749 716 2805 remedia
739 2747 879 2818 physica
902 2749 937 2802 et
959 2745 1178 2808 rationabilia

430 2837 563 2893 diversa
586 2838 628 2893 da
653 2835 903 2907 experimentis.

124 2989 138 3035 1
246 2974 290 3057 dd
318 2973 449 3035 testiculi
476 2983 609 3034 tumores
637 2973 772 3056 cupressi
799 2971 890 3030 bacae
918 2989 953 3030 ex
978 2974 1045 3031 vino
1069 2983 1188 3049 coctae

159 3065 341 3123 conveniunt
368 3071 399 3123 et
427 3062 491 3122 laba
520 3063 607 3140 quasi
639 3058 791 3120 concicula
825 3077 893 3119 curn
925 3059 1018 3119 multo
1051 3066 1177 3125 cumino

159 3158 242 3210 cocta
267 3161 296 3209 et
320 3151 453 3229 adposita
477 3161 569 3210 mord
583 3147 801 3226 cataplasmatis
824 3165 940 3208 necnon
960 3156 990 3208 et
1009 3166 1064 3208 uva
1084 3169 1177 3228 passa
1190 3171 1211 3210 a<

158 3256 227 3297 cum
256 3241 375 3298 cumino
403 3245 541 3298 contusa‘
555 3245 591 3297 et*
612 3244 718 3314 tepens
740 3237 873 3315 adposita
897 3236 1059 3315 plurimum
1083 3244 1178 3317 prod·

159 3334 218 3406 est3
247 3325 283 3384 ad
313 3328 423 3386 veretri
446 3343 516 3385 vero
540 3334 687 3386 tumorem
711 3326 820 3386 lentem
845 3343 880 3385 ex
904 3322 1120 3403 ιιιιιῑοοιιιιιι
1147 3341 1179 3394 et

159 3372 259 3475 tritam
284 3416 395 3492 imponi
419 3414 609 3476 utilissimum
633 3424 687 3477 est

130 3511 140 3560 ι
250 3503 282 3564 Si
310 3501 430 3563 tricus
422 3520 452 3564 ιιι
481 3522 557 3583 pene
586 3505 737 3566 sordidum
766 3504 857 3564 fuerit
884 3510 935 3564 aut
963 3520 1080 3567 cancer
1097 3460 1178 3583 illud
