2422 3878
541 106 761 170 „44-

146 290 204 350 que
228 289 262 330 eo
285 272 507 349 porriginosum
531 278 561 330 et
585 269 754 331 ulcerosum
772 277 862 347 caput
885 276 989 330 contm
1013 267 1108 347 pilum
1132 277 1161 330 et

92 372 125 421 31
145 367 247 438 postea
271 358 381 419 lavabis
404 361 436 419 in
455 358 568 419 balneo.
606 357 777 436 Conpositio
802 359 913 437 optima
933 367 963 418 et
982 366 1106 437 experta
1125 357 1159 418 ad

146 450 216 509 vitia
235 449 340 526 capitis
360 449 457 508 omnia
477 465 568 526 supra
587 449 711 525 scripta:
735 446 866 507 Pumicis
885 447 1014 526 unciam,
1033 447 1161 507 castorei

148 569 186 580 -
208 536 241 616 V,
264 555 386 616 spumae
405 538 520 614 argenti
541 568 579 578 -
597 534 643 613 Vl,
666 537 768 614 cyperi
788 569 830 578 -
844 534 894 616 lll,
917 552 1035 614 myrrae
1057 533 1160 614 -111,

145 623 329 705 myrobalani
353 658 391 670 —
412 623 480 705 1111,
505 622 659 704 sulphuris
683 625 741 683 vivi
766 656 804 667 -·
826 622 852 705 l;
875 624 973 684 omnia
998 622 1109 684 tundes
1132 631 1191 682 333

147 714 292 775 cribrabis
320 722 350 774 et
377 714 533 793 permixtis
564 730 618 792 pro
652 711 825 791 aphronitro
857 714 888 772 in
919 710 1026 771 balneo
1059 713 1160 772 uteris.

93 816 126 864 32
147 804 250 882 Adipis
274 805 383 864 veteris
407 800 509 863 suillae
533 800 564 860 P.
585 800 598 860 l
620 808 651 861 et
672 802 748 879 picis
772 801 890 862 cedriae
913 800 945 860 P.
966 800 979 860 l
1007 801 1077 879 igne
1105 800 1160 861 dis·

147 891 257 972 solves,
285 900 348 953 turn
377 890 529 969 staphidos
558 891 656 968 agriae
684 896 790 950 tunsae
818 890 936 950 unciam
964 887 1108 949 miscebis
1133 897 1161 949 et

147 989 215 1041 ante
238 981 341 1040 horam
361 998 450 1059 quarn
469 979 505 1040 ad
523 977 663 1040 balneum
680 978 769 1039 vadas
792 980 832 1039 ita
856 983 947 1056 caput
968 979 1049 1038 vitiis
1074 995 1160 1058 supra

148 1071 268 1146 scriptis
291 1067 428 1129 laborans
452 1076 556 1129 contra
578 1066 672 1146 pilum
696 1066 830 1146 fricabis‚
854 1073 888 1127 ut
915 1065 1044 1126 insideat
1073 1066 1159 1127 medi·
1170 1079 1190 1120 1⁰

148 1164 326 1237 camentum‚
350 1155 428 1234 quod
454 1174 514 1216 non
537 1162 605 1216 ante
628 1154 725 1216 diluas
749 1173 837 1234 quam
860 1154 897 1215 ad
920 1153 1029 1215 solium
1053 1157 1160 1215 venias.

149 1244 181 1304 si
196 1251 293 1303 autem
313 1244 501 1304 medicamini
520 1244 591 1306 huic
610 1244 755 1304 adieceris
770 1242 867 1305 ladani
881 1242 1056 1323 scripulum,
1076 1244 1160 1324 capil-

95 1333 210 1395 331333
233 1334 348 1393 nutries
371 1331 583 1412 pulchriorem.
618 1331 762 1393 Furlures
783 1335 888 1412 capitis
911 1331 1161 1411 extenuabuntur,

148 1423 175 1482 si
202 1430 335 1482 stercore
363 1423 482 1482 murino
514 1421 672 1500 liquefacto
705 1423 736 1481 in
769 1430 852 1482 aceto
881 1429 970 1500 caput
996 1422 1029 1481 in
1057 1420 1160 1482 balneo

95 1523 130 1571 34
148 1511 352 1590 periricueris.
397 1510 482 1571 Lotio
517 1511 632 1570 taurino
661 1517 751 1589 caput
779 1511 805 1570 si
832 1509 951 1591 laveris,
979 1511 1161 1588 porriginem
1172 1520 1191 1562 1⁶

95 1611 129 1660 35
148 1601 380 1660 vetustissimam
404 1599 488 1659 tollit.
525 1597 677 1659 Vetustam
701 1600 884 1677 porriginem
902 1599 977 1658 mire
996 1597 1120 1681 adimes,
1139 1599 1162 1658 si

147 1688 257 1749 herbae
281 1687 465 1768 cyclaminis‚
492 1686 522 1746 id
546 1693 592 1746 est
615 1685 805 1767 orbicularis,
835 1705 907 1748 suco
936 1686 1091 1766 sulphuris
1114 1687 1162 1748 ali·

149 1785 291 1856 quantum
316 1777 472 1836 miscueris
496 1782 526 1835 et
549 1773 588 1834 fel
612 1776 773 1836 serotinum
805 1783 894 1854 atque
921 1775 991 1836 inde
1020 1783 1112 1854 caput
1133 1777 1163 1836 iu

95 1878 129 1928 33
148 1865 254 1926 balneo
277 1864 353 1925 bene
377 1862 562 1943 perfricabis.
599 1862 704 1925 Ulcera
728 1865 834 1943 capitis
855 1863 953 1925 subito
972 1871 1041 1924 nata
1060 1882 1162 1925 sanan·

149 1964 211 2033 tur,
241 1955 267 2013 si
294 1955 370 2013 asini
398 1953 540 2012 stercoris
568 1970 640 2012 suco
669 1961 699 2013 et
726 1951 825 2013 scillae
849 1955 994 2014 contritae
1018 1961 1196 2031 quantumin

151 2044 222 2101 satis
241 2041 390 2102 videbitur
409 2049 440 2101 et
458 2039 586 2101 bubulae
604 2041 699 2120 adipis
713 2041 888 2102 tantundem
903 2043 1060 2103 miscueris
1074 2049 1163 2121 atque

96 2142 130 2191 37
151 2130 186 2190 ad
211 2131 316 2208 capitis
340 2130 441 2190 ulcera
465 2128 557 2190 veluti
580 2139 681 2190 ceroto
705 2149 778 2190 usus
801 2130 903 2190 fueris.
941 2128 994 2190 Fel
1012 2132 1163 2192 taurinum

149 2222 275 2279 mixtum
299 2237 367 2279 curn
392 2219 471 2278 nitro
495 2226 525 2278 et
548 2220 614 2278 vino
638 2225 668 2278 et
691 2219 765 2300 oleo,
789 2219 868 2297 quod
892 2221 964 2280 satis
988 2221 1040 2298 sit,
1064 2219 1164 2280 ulcera

96 2319 131 2368 38
151 2309 255 2386 capitis
284 2306 330 2367 vel
358 2308 573 2367 fervescentem
602 2306 732 2367 scabiem
760 2314 851 2368 sanat.
897 2307 1003 2368 Ulcera
1032 2309 1164 2368 recentia

150 2406 180 2457 et
204 2398 342 2456 universa
361 2397 431 2456 vitia
450 2395 584 2456 ulcerum
608 2397 639 2454 in
663 2398 758 2475 capite
782 2404 888 2457 sanant
910 2413 1036 2474 vermes,
1058 2398 1112 2475 qui
1133 2398 1163 2456 in
1176 2409 1198 2450 aa

150 2484 256 2544 arbore
280 2503 350 2544 cava
373 2483 419 2544 vel
442 2484 562 2562 putrida
590 2493 768 2563 nascuntur,
795 2487 859 2545 triti
887 2493 917 2546 33
944 2486 975 2544 in
999 2503 1097 2564 pauno
1121 2487 1162 2545 in·

150 2574 249 2651 positi.
291 2571 383 2634 lidem
407 2591 522 2633 vermes
546 2570 684 2632 conbusti
714 2581 744 2633 et
771 2591 840 2633 cum
863 2572 972 2634 anetho
995 2575 1076 2634 sicco
1100 2575 1165 2652 pari

96 2672 130 2721 39
149 2661 281 2740 pondere
305 2664 370 2722 triti
393 2668 423 2721 et
445 2661 567 2740 inpositi
591 2667 696 2720 sanant
718 2662 807 2720 etiam
833 2664 1040 2722 carcinomata.
1082 2661 1164 2723 lnula

149 2754 179 2811 in
206 2749 270 2810 oleo
294 2752 426 2812 discocta
449 2757 480 2810 et
503 2750 630 2810 contrita
654 2756 684 2808 et
707 2767 774 2809 cum
794 2748 902 2830 butyro
921 2748 1008 2810 ovillo
1029 2758 1059 2811 et
1077 2750 1164 2811 melle

149 2842 277 2918 inposita
296 2838 437 2901 cacoethe
458 2835 611 2916 [maligna]
631 2838 781 2919 emendat3
801 2839 903 2899 eadem
922 2840 1038 2899 ratione
1058 2857 1164 2899 curan·
1177 2854 1201 2895 oo

149 2938 200 2989 tur
218 2936 249 2988 et
267 2928 382 3009 tubera,
405 2928 457 2988 sed
476 2927 549 2987 baec
569 2928 632 2986 vice
652 2927 804 3006 emplastri
823 2945 921 3006 panno
941 2927 1028 2988 inlini
1046 2927 1165 2989 debent.

97 3025 131 3075 43
150 3014 272 3074 Vermes
294 3016 446 3077 ulceribus
465 3017 570 3095 capitis
588 3015 635 3076 vel
654 3016 892 3094 quibuscumque
911 3018 1006 3076 innati
1024 3034 1165 3078 ranarum

150 3101 217 3162 felle
241 3103 399 3184 tolluntur3
428 3123 461 3164 ea
490 3122 573 3183 vero,
602 3123 677 3183 quae
703 3106 885 3166 intrinsecus
909 3112 1048 3185 serpunt,
1077 3106 1166 3166 salsa-

150 3199 250 3251 mento
274 3198 375 3250 vetere
399 3199 488 3252 tunso
512 3195 543 3252 in
567 3195 660 3253 vicem
685 3192 837 3264 emplastri
859 3196 988 3272 inposito
1013 3202 1165 3255 sanantur.

96 3291 129 3339 41
149 3279 243 3339 Radix
260 3281 384 3359 peponis
404 3281 531 3340 contrita
550 3287 581 3339 et
600 3280 733 3358 adposita
752 3290 836 3343 sanat
849 3281 959 3363 ulcera,
979 3300 1055 3361 qnae
1075 3284 1167 3362 capiti
1179 3296 1205 3339 33

96 3380 130 3427 43
151 3371 180 3427 in
209 3369 330 3428 modurn
359 3368 415 3429 lavi
444 3376 649 3428 concrescunt.
692 3367 799 3430 Semen
828 3371 923 3431 ralani
947 3373 1052 3432 tritum
1076 3378 1165 3431 etex

96 3467 130 3517 43
150 3474 227 3535 aqua
262 3457 430 3537 adpositum
462 3460 542 3519 sistit
569 3460 667 3518 omnia
695 3459 804 3520 ulcera.
849 3459 976 3521 Porrum
1004 3461 1166 3540 capitatum
