2422 3878
507 90 747 155 -142-

118 260 269 334 teruntur,
287 263 320 314 ut
339 252 499 333 solvantur,
523 253 630 313 deinde
649 254 809 314 mittrmtur
827 254 859 314 iri
878 272 929 314 vas
948 254 1027 315 aeris
1049 252 1130 314 rubri

119 350 208 421 atque
237 342 407 402 adiciuntur
435 350 534 403 cetera
562 350 592 402 et
619 349 791 419 coquuntur
813 341 849 401 ad
872 341 970 402 mellis
993 345 1130 404 crassitn-
1177 390 1179 394 Α

119 431 232 511 dinem;
255 431 324 491 hinc
348 430 466 491 dabitur
489 429 535 490 his
559 430 604 490 vel
626 437 674 490 ter
698 430 790 509 digito
810 430 924 508 lingere
948 433 985 512 ei,
1005 433 1057 491 cui
1075 449 1130 491 me·

119 519 250 579 deudum
273 527 326 580 est

85 621 101 669 8
209 607 252 667 hd
272 607 437 687 syuanches
455 606 620 667 molestiam
640 616 669 667 et
683 607 812 667 lancium
831 606 965 667 dolorem
984 606 1152 684 periculo-s

122 714 187 756 sum
207 696 309 756 efficax
329 695 512 756 medicamen
532 696 691 756 coniicitur
708 693 865 774 diligenter
889 704 919 756 et
943 694 1130 756 reconditum

121 787 151 845 iu
175 784 323 863 praesidio
346 782 485 844 habetur:
521 783 580 863 lus,
603 785 634 844 iu
659 802 718 862 quc
740 784 934 844 hirundinum
957 782 1033 863 pulli
1057 787 1131 844 cocti

120 873 245 952 inerint,
272 874 418 951 accipitur
441 879 546 950 tepens
570 880 600 932 et
622 874 700 932 intra
724 873 825 932 fauces
847 873 1021 933 continetur
1045 881 1131 950 atque

84 975 100 1023 9
120 961 230 1038 aliquid
248 961 318 1020 inde
337 962 557 1021 transmittitur.
587 959 645 1020 Sed
664 962 824 1040 praecipue
843 967 946 1021 contra
960 961 1131 1040 synanchen

120 1049 255 1128 prodest,
284 1051 309 1109 si
335 1049 544 1109 hirundininos
571 1048 668 1126 pullos
693 1051 773 1108 vivos
801 1051 832 1108 in
855 1049 925 1109 nido
948 1049 1080 1128 prendas
1103 1056 1163 1109 etro

120 1140 202 1197 vivos
225 1137 374 1217 incendas,
395 1146 429 1197 ut
452 1136 548 1215 pulvis
572 1155 607 1197 ex
631 1137 679 1197 his
697 1137 758 1217 liat,
780 1137 828 1197 dic
846 1137 924 1198 lovis
942 1136 1046 1198 liduna
1065 1137 1131 1198 luna

119 1232 228 1286 vetere.
263 1225 321 1285 Sed
344 1225 477 1306 observa,
501 1234 535 1286 ut
552 1227 672 1304 inpares
690 1227 721 1286 in
740 1225 809 1286 nido
828 1227 961 1286 invenias
980 1234 1012 1286 et
1030 1227 1132 1304 quanti

120 1315 232 1375 luerint
255 1332 370 1374 exuras.
407 1313 520 1374 Horum
543 1317 574 1374 iu
593 1313 687 1375 calida
705 1331 782 1393 aqrra
799 1313 951 1392 pulverem
971 1313 1132 1375 bibendum

121 1403 205 1463 dahis
229 1412 258 1463 et
281 1403 317 1463 de
340 1405 405 1482 ipso
430 1403 551 1482 pulvere
574 1402 667 1480 digito
690 1402 788 1463 locum
812 1403 977 1483 synanches
996 1402 1034 1463 ab
1053 1405 1131 1463 intro

121 1495 288 1571 continges,
310 1492 466 1552 miraberis
490 1491 663 1570 remedium,
688 1491 740 1551 sed
760 1490 861 1552 inlotis
881 1490 1018 1551 manibus
1038 1509 1131 1552 reme·
1144 1508 1166 1549 u

68 1593 101 1641 10
120 1581 202 1641 dium
225 1581 323 1640 iacies
369 1581 489 1659 Rutam,
516 1579 619 1659 alium,
642 1579 720 1640 laser
748 1579 863 1658 aequali
888 1597 1029 1640 mensura
1053 1582 1131 1654 trita,

121 1672 147 1729 si
174 1687 209 1728 ex
238 1671 305 1728 vino
334 1671 497 1748 gargarizet
524 1670 575 1746 qui
603 1666 773 1747 synanchen
800 1669 927 1747 patitur,
957 1676 1075 1729 certum
1103 1677 1134 1728 et

120 1775 262 1837 praesens
286 1757 450 1816 remedium
473 1759 590 1817 sentiet.

69 1859 100 1906 11
209 1844 418 1905 Praecantabis
440 1846 557 1905 ieiunus
580 1846 714 1904 ieiunum
740 1852 845 1905 tenens
868 1843 975 1926 locum,
1000 1847 1053 1922 qui
1076 1847 1134 1905 erit

120 1936 151 1992 iu
170 1952 267 2015 causa,
291 1933 391 2011 digitis
410 1931 517 2013 trihus,
539 1933 570 1992 id
589 1940 635 1993 est
653 1931 768 2012 pollice,
787 1932 884 1992 medio
905 1940 936 1993 et
954 1932 1168 2014 medicinalis

121 2021 249 2081 residuis
278 2021 394 2082 dnobus
422 2021 542 2081 elevatis
570 2021 665 2082 dices:
706 2021 763 2081 Exi
788 2021 876 2082 hodie
898 2028 981 2100 nata,
1010 2023 1036 2082 si
1064 2030 1133 2083 ante

120 2118 200 2188 nata,
229 2112 254 2168 si
277 2109 365 2169 hodie
389 2118 501 2189 creata,
529 2111 555 2170 si
578 2119 646 2171 ante
669 2119 781 2189 creata,
804 2109 880 2169 hanc
903 2119 1032 2188 pestem,
1056 2110 1133 2170 hauc

119 2196 326 2278 pestilentiam,
345 2197 425 2258 hunc
444 2199 585 2280 dolorem,
608 2198 687 2259 hunc
701 2206 862 2282 tumorem,
881 2197 961 2258 hunc
979 2197 1132 2279 ruborem,

119 2286 172 2345 bas
195 2284 284 2365 toles,
312 2286 365 2346 has
389 2286 514 2366 tosillas,
539 2286 619 2348 hunc
643 2305 766 2366 panum,
788 2287 842 2347 has
864 2286 1030 2366 paniculas,
1054 2287 1132 2347 hanc

119 2382 271 2453 strumam,
295 2374 370 2434 hanc
390 2374 582 2455 strumellam,
605 2375 680 2436 hanc
698 2374 881 2454 religionem,
895 2393 1005 2455 evoco,
1024 2375 1130 2449 educo,
1144 2391 1170 2432 25

67 2470 243 2523 mercante
272 2463 308 2522 de
338 2464 403 2523 istis
430 2463 587 2544 memhris,
615 2462 759 2524 medullis.
800 2463 843 2523 Ad
871 2462 985 2524 tosillas
1010 2463 1131 2545 herbae,

120 2570 194 2630 quae
213 2551 313 2629 lingua
332 2552 440 2612 bubula
461 2553 579 2632 dieitur,
599 2553 683 2612 radix
706 2553 785 2612 eirca
804 2550 912 2612 collum
931 2551 1051 2629 inligata
1067 2553 1131 2631 plu-

67 2653 98 2700 13
119 2642 228 2701 rimum
258 2641 388 2718 prodest.
434 2640 559 2701 Gladioli
586 2641 689 2701 lolium
717 2639 850 2700 medium
880 2640 1008 2701 divisum
1038 2649 1068 2702 et
1098 2644 1131 2701 in

118 2731 341 2791 similitudinem
364 2748 491 2791 coronae
515 2732 545 2789 in
570 2747 602 2789 se
626 2747 771 2789 conexum
795 2747 829 2790 ac
848 2746 903 2808 pro
922 2738 1029 2807 torque
1049 2732 1130 2790 circa

66 2832 99 2879 14
119 2819 225 2880 collum
249 2819 383 2880 habitum
406 2817 519 2879 tosillas
543 2818 633 2878 sedat.
671 2818 763 2878 Pruni
782 2817 897 2878 arboris
916 2817 985 2878 lolia
1004 2836 1041 2878 ex
1059 2820 1128 2878 vino
1144 2835 1170 2874 so

66 2921 97 2968 15
119 2908 239 2968 decocta
268 2917 298 2968 et
321 2910 500 2987 gargarizata
527 2905 639 2967 tosillas
661 2905 806 2967 molliunt.
852 2905 941 2966 Turis
967 2924 1074 2967 manna
1096 2915 1130 2967 et

118 3014 215 3074 myrra
237 3005 267 3056 et
290 2999 509 3057 cinnamomum
533 3004 563 3056 et
582 2994 737 3075 galbanum
757 2996 860 3073 aequis
878 2994 1063 3073 ponderibus
1082 3013 1127 3056 se-

117 3086 241 3159 paratim
270 3085 304 3142 ad
333 3083 480 3146 levitatem
510 3093 633 3146 contusa
661 3083 848 3162 cribrataque
876 3091 906 3144 et
934 3101 1002 3144 cum
1028 3087 1129 3144 resina

190 3240 302 3305 lvasg.
357 3236 551 3301 bsynanehis.
616 3236 847 3292 therundinum.
911 3235 1128 3306 lisynanchem.

118 3311 150 3358 10
169 3302 362 3357 hirundininos
380 3304 487 3375 pullos]
506 3305 682 3363 herundines.
757 3312 790 3360 14
808 3307 958 3362 sinanchis.
1024 3313 1057 3362 16
1076 3307 1128 3362 tri-

115 3378 182 3429 tum.
263 3380 295 3428 17
315 3374 484 3429 sinenehem.
562 3384 595 3431 22
615 3380 731 3433 alterum
749 3377 822 3432 hano
840 3394 891 3434 om.
964 3383 1000 3432 24
1020 3377 1127 3448 palum.

114 3446 257 3516 pennulas.
330 3450 363 3500 st
382 3445 539 3516 inligatum.
