2422 3878
557 101 771 163 ..74-

155 267 317 326 ferventem
343 265 470 324 mittitur
493 271 582 341 atque
607 262 667 322 illie
687 263 873 344 excoquitur,
895 261 991 324 donee
1011 264 1090 324 cinis
1110 262 1167 344 liat3
1207 338 1209 343 Ι

154 355 211 415 hoc
235 354 271 414 de
293 353 495 432 experimento
520 350 683 430 ypochyses
703 349 903 430 caliginesque
922 360 1065 430 potenter
1084 361 1166 432 atque

100 452 135 502 89
154 443 279 503 mirilico
297 448 413 521 purgat.
450 439 636 518 hnagallidos
655 438 765 500 herbae
783 439 839 500 llos
852 458 1025 520 purpureus
1040 441 1078 502 ad
1092 460 1167 503 men·

155 550 254 592 suram
283 529 438 591 obolorum
465 531 557 589 trium
586 528 744 607 diligenter
771 530 861 606 tritus
889 536 919 589 91
947 548 1017 590 cum
1045 530 1166 609 pausillo

156 623 215 681 9191
238 621 347 680 veteris
371 619 482 678 mixtus
505 619 672 678 inunctioni
695 617 883 696 caligantium
907 617 1066 679 oculorum
1085 621 1185 681 mira-t

102 718 136 768 9ο
157 709 256 769 hiliter
279 708 409 787 prodest.
451 706 590 766 Lacertas
613 708 755 785 pisinnus,
778 723 853 784 quae
877 707 909 766 19
932 706 1088 786 segetibus
1110 727 1165 769 mo·

156 806 269 877 rantur,
294 815 367 875 quas
386 795 490 855 Graeci
512 812 616 854 aruras
636 801 749 874 vocant,
772 792 928 855 corrburito
953 796 1039 856 etad
1060 799 1165 859 tenuis·

156 888 264 946 simum
288 883 440 963 pulverem
464 883 589 962 redigite
613 891 702 961 atque
724 901 761 942 ex
785 900 820 943 eo
839 900 907 943 ctam
926 885 995 944 vino
1015 893 1068 946 aut
1087 885 1165 947 melle

100 985 135 1033 91
156 977 266 1053 optimo
286 973 446 1051 caligantes
461 971 562 1033 oculos
576 973 696 1050 inunge,
717 970 799 1031 valde
814 971 956 1050 proderit.
987 972 1164 1036 Centaureae

156 1064 279 1123 minoris
303 1079 374 1123 suco
398 1060 476 1121 oculi
499 1079 534 1120 ex
559 1058 644 1120 melle
668 1061 783 1120 inuncti
806 1059 930 1138 caligine
954 1062 1014 1121 cito
1036 1062 1165 1142 deposita
1175 1081 1193 1122 a

100 1161 136 1210 99
156 1152 359 1211 tenuissimam
392 1150 484 1209 aciem
513 1156 677 1210 resumimt.
724 1147 858 1208 Feniculi
885 1148 994 1211 radicis
1028 1159 1164 1213 contusae

156 1258 228 1300 suco
263 1239 436 1300 tantundem
469 1236 564 1297 mellis
593 1238 697 1316 optimi
729 1237 896 1315 despumati
933 1239 1048 1298 utinam
1082 1240 1165 1302 Attici

156 1330 278 1389 misceto
307 1346 399 1407 eaque
428 1326 508 1386 lento
537 1328 605 1406 igne
633 1325 668 1386 ad
696 1325 792 1385 mellis
821 1326 1052 1388 crassitudinem
1077 1328 1166 1390 disco·

155 1419 239 1496 quito
262 1419 451 1495 repositaque
472 1417 502 1476 in
527 1414 633 1495 pyxide
658 1416 746 1475 etiam
769 1431 856 1474 aerea
878 1413 999 1496 habeto,
1024 1435 1095 1477 oum
1115 1419 1166 1478 erit

155 1524 242 1585 opus,
271 1523 339 1565 cum
367 1523 442 1584 aqua
470 1505 632 1564 eisternina
659 1510 710 1563 aut
737 1502 878 1563 muliebri
903 1503 978 1564 19919
1002 1505 1197 1586 inunguitqo

98 1605 135 1653 93
155 1596 289 1674 quamvis
317 1611 433 1654 crassas
459 1592 598 1670 caligines
622 1592 681 1651 cito
705 1591 856 1652 discuties.
902 1591 1039 1653 Feniculi
1062 1595 1167 1656 radicis

155 1683 294 1743 decoctae
313 1701 389 1760 aqua
408 1680 510 1741 oculos
529 1679 651 1739 adsidue
671 1679 776 1759 loreto,
797 1681 857 1740 cito
876 1698 993 1740 omnem
1013 1680 1168 1762 caliginem

98 1781 135 1830 94
156 1771 249 1832 tolles.
286 1768 520 1848 Caligiuantibus
539 1767 634 1827 oculis
656 1770 736 1827 visus
751 1771 867 1828 acutior
881 1772 1058 1831 restituetur
1073 1789 1168 1851 neque

154 1861 239 1921 facile
262 1862 293 1918 in
321 1858 377 1918 hoc
401 1859 504 1917 vitium
527 1856 647 1935 incidet,
671 1859 724 1934 qui
746 1874 820 1917 usus
843 1857 934 1918 luerit
956 1860 1092 1920 remedio
1111 1859 1168 1941 tali,

154 1957 188 2009 ut
211 1956 387 2009 centaureae
412 1944 593 2022 manipulum
615 1944 741 2005 nitidum
765 1947 796 2005 in
821 1947 880 2006 vini
904 1948 1017 2028 optimi,
1040 1949 1095 2008 sed
1119 1967 1200 2009 noso

152 2036 285 2097 vallastri
314 2035 453 2112 congium
481 2035 577 2094 mittat
605 2041 656 2093 aut
680 2035 768 2093 etiam
792 2042 938 2114 excoquat
961 2053 995 2095 ac
1018 2037 1121 2099 triduo
1139 2039 1168 2098 in

154 2124 272 2185 vasculo
296 2123 395 2183 clauso
420 2121 465 2182 991
489 2129 592 2200 operto
616 2123 760 2182 macerari
780 2122 880 2204 faciat,
903 2124 1010 2184 deinde
1030 2134 1100 2203 post
1118 2128 1168 2186 tri·

154 2214 246 2272 duum
269 2210 417 2271 heminam
442 2212 505 2270 eius
529 2211 590 2269 vini
613 2212 735 2270 mixtam
754 2229 822 2271 cum
841 2211 934 2272 calida
953 2230 1030 2290 aqua
1054 2213 1168 2276 adiecto

98 2310 134 2358 so
155 2299 239 2361 melle
263 2302 382 2359 ieiunus
403 2306 538 2359 manente
557 2299 617 2359 illic
637 2306 795 2360 centaurea
814 2299 936 2361 cottidie
953 2299 1043 2364 bibat.
1079 2301 1169 2364 Lauri

154 2389 222 2448 lolia
245 2387 298 2447 XX
326 2387 433 2448 leviter
461 2389 589 2449 contrita
613 2405 699 2465 passo
723 2386 827 2448 diluito
852 2396 881 2449 91
903 2388 995 2450 119199
1020 2390 1118 2452 colato
1141 2399 1169 2452 91
1180 2408 1201 2450 rs

152 2480 183 2538 19
211 2476 368 2538 caccabulo
392 2477 550 2555 decoquito
578 2476 614 2535 ad
641 2477 869 2537 crassitudinem
897 2477 993 2538 mellis
1021 2488 1112 2559 atque
1135 2498 1168 2541 ex

97 2577 134 2625 99
154 2585 188 2626 eo
212 2568 378 2646 inunguito,
402 2566 563 2626 efficaciter
586 2563 742 2642 caliginem
765 2565 916 2645 discuties.
961 2565 1057 2628 Bacae
1079 2570 1169 2648 myrti

153 2673 242 2734 supra
267 2654 412 2716 carbones
436 2657 517 2714 vivos
541 2653 577 2713 ad
601 2652 850 2731 suffumigandum
874 2656 988 2733 positae
1012 2656 1169 2736 caliginem

154 2753 326 2824 extenuant,
361 2745 386 2804 si
414 2743 508 2804 oculis
537 2743 647 2821 apertis
671 2741 785 2803 lumum
813 2761 915 2818 earum
945 2746 1094 2823 patienter
1123 2765 1168 2806 ex-

99 2845 133 2892 91
154 2836 277 2913 ceperis.
315 2832 391 2894 Pulli
410 2830 602 2892 hirundinum
623 2828 669 2889 vel
687 2833 747 2891 assi
766 2831 810 2891 991
830 2830 898 2892 elixi
917 2833 947 2891 in
968 2832 1035 2894 cibo
1051 2837 1201 2915 saepiussi

100 2932 134 2981 98
154 2925 265 3002 sumpti
293 2922 387 2983 oculis
415 2918 642 2999 caliginantibus
666 2919 826 2980 efficaciter
849 2928 983 2999 prosunt.
1028 2921 1169 3002 Lapidem

153 3008 349 3089 bostrychitin
372 3018 472 3070 tecum
497 3026 615 3087 semper
635 3007 751 3088 habeto,
775 3011 827 3087 qui
845 3009 881 3069 ad
901 3011 995 3070 aciem
1014 3011 1169 3073 oculorum

101 3109 134 3156 99
154 3099 338 3158 excitandam
362 3099 522 3158 efficaciter
545 3097 675 3175 prodest.
721 3096 814 3157 Muris
837 3099 972 3177 agrestis
996 3098 1026 3158 id
1051 3101 1169 3179 estqui

153 3187 185 3244 in
208 3188 319 3264 campis
343 3188 503 3268 invenitur,
526 3184 665 3246 conbusti
684 3187 760 3245 cinis
779 3189 926 3248 contritus
945 3194 975 3246 91
994 3206 1064 3249 cum
1083 3188 1168 3249 melle

225 3389 422 3457 hypocheses.
497 3393 528 3442 lo
548 3386 710 3457 inunguelo.
784 3396 818 3444 27
836 3389 1000 3463 inungueto.
1068 3398 1102 3448 30
1120 3395 1169 3449 he·

154 3461 311 3515 nundinum.
387 3464 419 3514 31
439 3458 640 3528 bosbycbiten.
