2422 3878
520 130 757 194 -222-

136 293 233 350 omnia
257 292 304 351 die
329 300 359 352 et
383 300 469 378 nocte
493 292 669 352 maceranda
693 301 771 353 sunt.
814 292 1058 354 Terebintbiuam
1079 313 1154 355 vero

135 387 165 439 61
193 398 291 440 661661
320 388 350 440 61
378 379 493 460 adipem
521 380 710 459 liquefactam
738 383 769 440 in
797 400 889 442 unum
919 384 1029 442 ceteris
1057 383 1150 444 admi-

134 471 213 529 sceri
235 477 353 547 oportet
376 478 406 529 et
428 468 536 529 deinde
560 469 696 529 manibus
720 469 886 530 diutissime
915 470 1026 552 subigi,
1053 472 1150 533 donec

132 560 195 617 6166
220 558 382 617 6116661616
405 557 548 635 malagma
571 560 853 636 temperatissimum
876 558 934 619 fiat.

81 658 113 706 15
221 646 265 706 Ad
289 645 388 706 cordis
411 645 530 723 pulsum
555 649 615 706 6116
642 646 856 707 66116661166611
880 649 1019 707 sucinum
1042 667 1178 710 verume

133 737 233 795 mittes
260 738 291 795 in
322 752 428 813 aquam
456 734 619 795 ferventem
649 743 680 796 et
711 733 772 795 illic
805 753 870 795 esse
901 737 1024 815 patieris
1057 745 1149 816 atque

132 824 201 883 inde
224 842 278 900 por
302 823 435 883 triduum
458 822 605 883 laboranti
628 823 760 901 singulos
784 823 905 903 cyathos
925 825 1100 906 tepefactos,
1124 828 1149 886 si

131 914 256 971 nimium
276 913 333 971 erit
352 911 456 993 frigus,
475 911 559 972 dabis
577 911 735 992 bibendos3
754 911 810 972 hoc
826 912 992 973 remedium
1009 922 1039 974 et
1053 913 1149 975 bomi-

131 999 220 1059 nibus
244 1007 274 1059 61
297 999 472 1061 animalibus
494 999 625 1078 prodest.

538 1193 618 1255 CAP.
642 1193 730 1254 XXII.

156 1306 211 1360 Ad
241 1306 347 1375 epatis
377 1306 447 1361 sive
477 1306 598 1361 iecoris
627 1305 710 1361 vitia
739 1306 854 1361 omnia
883 1309 918 1361 et
947 1305 1124 1362 molestias

166 1393 342 1450 universae
360 1395 512 1451 remedia
529 1394 742 1450 rationabilia
761 1398 795 1449 et
812 1395 954 1463 physica
972 1394 1110 1451 diversa

476 1484 519 1538 de
543 1482 794 1552 experimentis.

92 1629 106 1676 1
217 1619 311 1680 Rutae
340 1619 483 1679 silvestris
510 1618 661 1696 manipulo
688 1621 721 1679 16
750 1618 836 1678 ollam
869 1636 974 1678 novam
1005 1621 1181 1680 6611661616

128 1710 310 1787 decoctoque
339 1726 374 1767 ex
402 1706 500 1767 tribus
527 1707 655 1767 heminis
683 1725 775 1785 aquae
799 1707 835 1766 ad
858 1707 1006 1767 heminam
1031 1707 1144 1769 adicies

127 1796 222 1857 mellis
245 1795 351 1856 libram
374 1814 540 1875 rursusque
564 1796 679 1856 1611616
702 1796 801 1876 166166,
825 1813 861 1855 61
880 1813 915 1855 66
933 1796 1145 1872 pertriduum

92 1895 107 1940 2
126 1887 226 1945 ieiuno
254 1887 339 1963 potui
366 1883 450 1944 dabis
473 1885 614 1944 iocineris
637 1884 737 1944 dolore
763 1886 855 1944 nimio
878 1882 1034 1945 laboranti.
1075 1884 1144 1946 Hir·

127 1975 212 2033 cinus
240 1975 361 2053 sanguis
385 1972 480 2033 adbuc
510 1972 609 2032 calens
632 1991 722 2052 supra
744 1991 856 2051 prunas
880 1980 1023 2033 excoctus
1046 1983 1079 2034 61
1102 1977 1144 2035 ci-

91 2061 208 2123 ebatui
237 2062 324 2122 datus
357 2064 457 2122 ieiuno
492 2063 658 2122 1661161666
691 2061 804 2121 mederi
834 2061 970 2121 traditur.
1016 2061 1143 2124 Virerra
1157 2082 1180 2123 11

126 2157 202 2209 16616
225 2150 347 2228 porcelli
371 2151 506 2210 lactantis
529 2149 617 2210 modo
640 2151 769 2210 16666616
797 2157 826 2209 61
854 2149 920 2210 cibo
946 2149 1014 2211 data
1039 2152 1142 2213 ieiuno

123 2239 198 2296 mire
222 2239 388 2298 iocineroso
413 2241 569 2298 succurrit.

88 2335 105 2382 4
213 2325 335 2402 Epatice
359 2333 480 2403 experta
504 2328 560 2386 sic:
583 2325 672 2403 Piper
691 2325 790 2386 album
810 2333 839 2386 61
857 2328 1012 2387 masticem
1033 2331 1141 2408 aequis

124 2414 312 2492 portionibus
331 2413 438 2474 tundes
458 2421 487 2473 61
507 2413 645 2474 criblabis
664 2432 830 2493 rursusque
849 2417 879 2474 in
897 2417 1041 2476 mortario
1056 2425 1141 2479 teres

124 2511 213 2580 atque
237 2506 277 2562 ita
300 2502 364 2562 oleo
384 2502 514 2581 Hispano
538 2506 649 2580 optimo
669 2502 858 2584 temperabis,
880 2511 915 2564 ut
933 2505 972 2564 sit
990 2507 1140 2590 spissum3
1152 2527 1175 2566 66

123 2591 192 2651 inde
212 2595 356 2672 catapotia
375 2593 464 2653 166166
484 2591 685 2671 magnitudine
705 2594 811 2652 ciceris
835 2610 928 2670 eaque
946 2593 978 2651 in
997 2593 1062 2655 6616
1081 2599 1139 2658 616-

123 2680 212 2761 cabis,
232 2689 265 2741 ut
285 2682 458 2760 durescant3
476 2689 548 2741 tunc
562 2683 593 2740 11
608 2681 714 2760 pyxide
728 2681 872 2741 recondes
887 2687 917 2740 et
931 2699 968 2740 ex
981 2680 1031 2742 bis
1046 2701 1140 2745 unam

121 2769 242 2847 pilulam
266 2772 366 2831 ieiuno
390 2773 420 2830 in
442 2788 497 2830 ovo
517 2769 621 2829 sorbili
639 2769 722 2829 dabis
741 2769 911 2848 adiciesque
928 2787 1038 2848 parum
1057 2773 1139 2856 salis,

121 2860 172 2919 sed
196 2861 405 2938 pertriduum
429 2858 520 2919 dabis

86 2956 101 3006 t
210 2949 333 3009 Tumori
360 2949 500 3008 iocineris
532 2947 664 3025 adprime
697 2946 832 3007 medetur
863 2946 920 3007 hoc
952 2949 1171 3013 remediumrrr

121 3034 221 3096 lnulae
245 3037 354 3097 radicis
372 3068 416 3079 -
430 3035 479 3116 lll,
503 3055 578 3116 quae
598 3036 707 3096 Graece
732 3035 842 3096 dicitur
862 3034 1024 3118 helenium,
1048 3038 1137 3101 deco-

121 3142 195 3200 ques
219 3125 254 3184 ad
279 3127 389 3185 medias
412 3128 443 3185 in
467 3143 560 3202 aquae
584 3126 719 3185 sextariis
747 3124 844 3185 tribus
870 3133 958 3202 atque
981 3125 1136 3190 heminam

210 3275 351 3344 3subige.
425 3275 625 3345 itepefactns.
697 3275 827 3346 8frig0s.
900 3275 1034 3334 hominia.

207 3347 263 3400 tit:
284 3345 383 3415 epatis.

209 3422 242 3470 13
257 3415 338 3485 potui
347 3417 460 3484 scripsi:
474 3417 580 3485 potum.
616 3421 647 3470 15
656 3416 820 3487 iocinoroso,
831 3419 894 3474 item
905 3425 946 3473 17.
980 3425 1016 3474 22
1026 3420 1133 3492 pixide.

116 3487 287 3543 1616111666.
361 3486 469 3542 Graeci.
542 3493 677 3556 itaqua.
