2422 3878
584 160 821 224 -356-

142 333 176 382 89
284 321 327 381 dd
352 323 466 383 varices
489 321 632 400 fugandas
655 321 821 382 remedium
843 322 899 382 sic:
922 319 1061 382 Hederae
1082 323 1211 384 radicea

194 409 297 488 tolles,
319 428 387 471 cum
410 410 502 470 fuerit
524 409 593 469 luna
617 410 648 468 in
671 411 806 489 aquario,
830 418 860 470 et
882 409 1035 470 circumda
1061 429 1132 491 eas,
1158 414 1211 472 ci·

140 508 174 557 83
194 498 360 559 medebere.
402 497 535 558 Hederae
559 496 646 557 bacas
669 505 744 577 tres,
775 515 849 576 quae
873 515 928 576 per
950 499 1101 576 parietem
1125 503 1208 579 repit

193 587 275 668 pedi,
302 589 332 647 in
362 606 421 666 quo
449 594 519 647 sunt
542 587 668 664 varices,
697 585 814 664 alligato
838 585 884 646 vel
907 585 1038 646 radicem
1063 589 1134 648 eius
1160 591 1205 650 cir

140 684 175 733 84
194 676 340 736 cumdato.
375 675 456 752 Rapa
475 692 510 733 cx
530 667 605 752 aqu'a
624 673 700 734 salsa
718 674 867 752 decoques
886 682 917 734 et
936 692 1129 754 superpones
1148 696 1205 756 per

193 763 333 824 nionihus
362 765 419 823 iam
449 761 688 843 erumpentibus,
717 761 871 822 medellam
900 762 1004 823 utilem
1032 767 1207 843 experieris

139 860 173 909 85
194 852 315 930 Spinam
344 869 379 910 ex
407 849 482 928 pede
506 850 552 910 vel
575 868 762 929 quacumque
786 852 920 930 corporis
946 858 1044 931 parte,
1071 854 1098 912 si
1122 853 1211 915 altiu

192 938 294 999 adacta
322 937 426 1016 fuerit,
454 940 518 999 sine
546 939 648 999 dolore
677 938 828 1019 extrahes,
857 957 925 999 cum
949 939 1109 1000 arundinis
1135 943 1203 1003 radi

192 1045 256 1087 cem
285 1024 458 1105 adposueris
485 1029 517 1086 in
545 1029 685 1088 mortario
713 1026 828 1105 lapideo
857 1035 1012 1088 contusam
1035 1035 1068 1088 et
1093 1030 1206 1091 adieci

190 1113 277 1174 melle
301 1113 467 1195 subactam,
493 1114 588 1175 donec
611 1115 646 1175 ad
671 1114 900 1176 crassitudinem
923 1117 1017 1175 ceroti
1041 1117 1203 1197 redigatur

191 1210 221 1262 et
243 1202 335 1262 linteo
359 1204 455 1281 spisso
478 1203 563 1264 inlita
586 1204 759 1284 adponatur,
783 1205 814 1263 in
838 1222 898 1282 quo
921 1203 1099 1282 frequenter
1125 1210 1204 1288 spin

190 1293 254 1369 ipsa
278 1293 372 1351 eiecta
394 1293 554 1352 iuvenitur.
1163 1301 1167 1304 ’

137 1387 171 1436 86
279 1378 463 1440 Marrubium
487 1381 648 1440 contritum
672 1379 802 1440 admixto
824 1379 884 1440 sale
902 1379 1019 1440 modico
1039 1382 1205 1460 inpositum

190 1485 283 1547 aeque
310 1468 457 1546 proficere
485 1474 601 1528 constat
628 1467 664 1527 ad
693 1467 873 1528 extrahenda
901 1487 948 1548 ea,
976 1486 1052 1546 quae
1086 1474 1209 1551 corpor'

136 1563 169 1613 87
190 1555 380 1616 inhaeserint.
411 1554 540 1615 Herbam
558 1557 686 1616 urticam
704 1557 765 1616 sive
785 1557 909 1616 viridem
928 1558 989 1616 sive
1008 1557 1123 1618 siccam
1141 1578 1210 1621 con·

189 1647 289 1704 tritam
321 1643 435 1704 adiecto
464 1643 597 1722 quolibet
625 1643 747 1721 coagulo
775 1644 918 1726 adpones,
951 1643 1076 1705 cuilibet
1105 1648 1210 1709 inhae-

135 1739 170 1788 88
189 1733 275 1812 serit,
304 1731 461 1792 confestim
488 1730 644 1791 miraberis
673 1731 855 1792 celeritatem
883 1733 1033 1794 medellae.
1080 1733 1208 1798 Stercus

189 1837 355 1898 aprugnum
380 1838 416 1879 ex
439 1821 506 1879 vino
531 1818 687 1880 subactum
709 1827 738 1880 et
757 1820 909 1898 emplastri
927 1839 1010 1881 more
1028 1823 1208 1904 inpositum,

190 1906 331 1986 quicquid
355 1907 517 1968 inhaeserit
540 1910 667 1987 corpori,
691 1908 828 1968 celeriter
852 1909 980 1970 extrahit
1003 1917 1033 1969 et
1057 1920 1155 1973 sanat.

135 2003 169 2052 89
277 1995 389 2075 Butyro
413 2004 443 2056 et
466 1996 594 2057 medulla
617 1997 736 2056 cervina
759 2004 789 2056 et
812 1996 879 2058 felle
902 1999 1019 2058 taurino
1043 2016 1116 2059 cum
1140 2001 1206 2062 oleo

135 2091 169 2140 9ο
189 2086 312 2162 cyprino
332 2092 383 2144 aut
401 2083 516 2145 laurino
535 2084 676 2164 perfricta
695 2102 791 2163 genua
810 2094 959 2146 sanantur.
996 2085 1140 2148 Telorum
1160 2097 1206 2150 tu-

189 2171 323 2232 moribus
347 2180 376 2232 et
400 2172 552 2233 doloribus
575 2171 729 2233 musculus
751 2174 885 2235 marinus
903 2176 992 2235 tritus
1012 2193 1047 2234 ex
1067 2175 1136 2236 oleo
1157 2197 1206 2238 ve-

188 2268 252 2318 tere
275 2261 424 2336 inpositus
446 2259 592 2320 medetur.

135 2354 168 2403 91
277 2344 453 2405 Maiandriae
482 2354 513 2406 et
535 2346 645 2424 frigore
669 2346 782 2407 adustis
805 2347 931 2425 pedihus
954 2350 1077 2428 prodest
1102 2356 1206 2415 cuius-

187 2432 261 2492 libet
282 2433 405 2512 pecudis
429 2451 531 2494 sevum
555 2452 623 2495 cum
647 2433 775 2495 alumine
798 2438 903 2496 tritum
927 2437 973 2497 vel
993 2447 1155 2502 excoctum
1176 2451 1207 2504 et

188 2523 282 2582 ceroti
306 2522 392 2581 modo
416 2524 587 2601 inpositum.

134 2619 168 2667 99
276 2611 388 2671 Αιῑιιιιι
412 2611 672 2672 calciamentorum
695 2611 789 2672 factos
812 2613 909 2672 clavos
933 2613 1070 2675 emendat
1089 2621 1207 2681 veteris

188 2700 285 2760 soleae
308 2706 429 2760 exustae
453 2702 528 2760 cinis
551 2718 619 2760 cum
643 2699 707 2761 oleo
731 2702 886 2780 inpositus.

134 2796 167 2845 93
276 2788 432 2849 Ulceribus
463 2787 601 2848 omnihus
633 2789 742 2867 pedum
775 2791 806 2849 in
837 2789 968 2868 qualibet
995 2798 1079 2868 parte
1110 2794 1206 2877 adeps

188 2879 290 2937 ursina
314 2876 412 2937 addito
436 2877 565 2937 alumine
588 2876 733 2938 medetur.

134 2973 169 3020 94
278 2964 322 3046 Ei,
346 2967 398 3043 qui
416 2967 528 3043 patitur
550 2967 671 3045 varices,
690 2966 752 3025 sevi
770 2965 878 3025 hircini
897 2964 1035 3026 selibram
1055 2974 1085 3026 ct
1104 2970 1207 3052 adipis

188 3053 224 3111 de
252 3071 364 3131 capone
391 3052 497 3114 libram
525 3052 614 3113 simul
641 3055 787 3133 permisce
816 3061 846 3113 et
873 3055 904 3113 in
930 3053 1021 3113 linteo
1050 3053 1097 3114 die
1123 3057 1207 3124 lovis

189 3142 283 3199 ceroti
306 3159 388 3201 more
412 3140 535 3222 adpone,
558 3148 696 3219 potenter
719 3140 885 3202 subvenies.

134 3234 168 3282 95
277 3226 399 3287 Stercus
422 3246 570 3306 aprunum
593 3236 715 3289 tunsum
734 3228 955 3307 cribratumque
974 3237 1004 3289 et
1023 3248 1092 3290 cum
1111 3238 1206 3300 melle

188 3313 336 3373 deteriore
356 3322 474 3375 coctum
493 3323 523 3376 et
541 3314 697 3376 subactum
716 3315 849 3376 articulis
870 3318 1030 3396 inpositum
1049 3321 1205 3389 medetur.

277 3506 292 3555 7
312 3499 435 3569 corporis
453 3501 533 3570 parte
553 3500 588 3571 si]
608 3500 666 3556 Hic
683 3502 785 3558 codicis
801 3504 875 3571 fiais.
