2422 3878
543 98 764 196 ,πῇ

96 310 130 358 23
150 297 270 374 proprie
295 303 324 354 et
347 297 434 355 unice
454 294 569 355 tollunt.
604 293 694 354 Pueri
712 295 836 353 investis
855 294 941 352 urina
960 310 1068 353 recens
1090 296 1169 354 auri·

150 383 233 444 culae
262 383 375 444 dolenti
403 391 432 444 et
460 384 613 444 ulcerosae
640 381 781 443 instillata
809 383 890 441 omni
919 399 1024 442 umore
1052 384 1167 443 siccato

97 487 131 534 24
151 481 179 532 et
203 471 335 531 dolorem
359 472 436 532 tollit
459 479 490 532 et
508 471 701 532 alnei-amira
721 470 874 530 celeritate
892 477 1042 549 persanat.
1079 470 1167 532 Lotio

149 561 279 621 humano
298 569 399 621 vetere
415 563 440 620 si
454 562 521 639 quis
537 563 595 620 iarn
615 560 804 638 desperatum
824 561 940 619 aurium
961 561 1065 619 vitium
1087 559 1167 621 elue·

97 663 130 712 25
150 652 203 729 rit,
222 649 324 710 saluti
353 652 485 727 integrae
516 649 606 709 lenito
635 648 737 708 dolore
765 649 912 708 restituet.
958 647 1010 707 Fel
1042 647 1190 710 ovillums

149 738 245 798 mulso
270 740 395 799 mixtum
419 740 446 797 si
468 737 608 816 clysterio
632 736 781 796 addideris
804 744 835 796 et
857 736 927 796 inde
951 736 1104 798 auriculas
1123 739 1165 798 irr-

149 829 300 907 rigaveriS,
324 829 496 906 expurgatis
521 825 672 887 ulceribus
697 827 894 886 certissimam
918 826 1077 886 sanitatem
1097 845 1166 886 con·

151 918 300 995 sequeris,
332 916 411 975 idem
439 915 479 974 fel
508 934 576 975 cunr
603 915 679 975 lacte
707 913 841 974 mulieris
869 913 1047 974 instillatum
1075 916 1165 975 etiam

99 1017 132 1066 26
151 1014 255 1083 ruptas
278 1006 406 1064 interius
429 1004 577 1064 auriculas
601 1004 767 1063 certissime
791 1010 883 1063 sanat.
920 1002 1079 1063 Coriendri
1097 1006 1164 1064 viri·

150 1093 195 1152 dis
224 1111 314 1153 sucus
345 1111 412 1153 cum
445 1092 520 1152 lacte
553 1091 692 1152 muliebri
719 1093 830 1151 mixtus
861 1092 979 1151 inlusus
1012 1093 1164 1154 auriculae
1178 1109 1200 1148 1o

97 1194 129 1243 27
151 1180 283 1240 dolorem
307 1200 425 1263 omnem
448 1189 587 1259 potenter
609 1182 716 1241 aulert.
760 1179 890 1240 Cannabi
914 1182 1037 1240 seminis
1060 1182 1164 1242 viridis

98 1283 132 1331 28
152 1287 242 1329 sucus
262 1277 366 1348 tepens
385 1269 544 1331 instillatus
564 1269 687 1330 auribus
702 1268 834 1329 dolorem
849 1271 945 1347 prime
959 1268 1047 1329 tollit.
1074 1269 1165 1330 Sene·

151 1360 244 1418 cionis
271 1358 381 1418 herbae
410 1378 500 1420 sucus
526 1359 629 1419 itidem
653 1357 775 1419 auribus
798 1359 930 1418 insertus
954 1358 1080 1418 eandem
1104 1359 1165 1419 elli·

151 1449 262 1507 caciarn
289 1455 433 1529 praestat,
462 1449 541 1526 quod
569 1447 605 1508 ab
633 1455 756 1525 experto
785 1448 931 1525 scriptum
954 1455 984 1506 et
1009 1447 1165 1525 proditum

97 1549 131 1597 29
151 1544 205 1596 est.
243 1536 275 1595 Si
298 1537 431 1597 auricula
454 1537 553 1615 ailquo
572 1543 658 1615 pacto
678 1537 779 1595 vitiata
797 1536 896 1615 suerit,
920 1537 1059 1595 anserina
1077 1537 1201 1615 adipem

98 1639 131 1686 30
151 1625 249 1686 infusa
273 1625 431 1703 diligenter
454 1623 668 1703 expurgabitur
692 1625 870 1702 sanitatique
893 1624 1044 1684 reddetur.
1090 1625 1165 1686 Con·

150 1716 258 1792 positio
282 1714 485 1774 medicaminis
509 1713 545 1772 ad
564 1714 662 1772 omnia
681 1712 744 1772 fere
763 1714 880 1772 aurium
899 1715 968 1773 vitia
988 1715 1045 1773 sic:
1069 1713 1165 1774 Mollis

150 1805 326 1883 sextarium,
350 1804 425 1862 aceti
448 1800 524 1861 bene
549 1803 626 1861 acris
649 1801 812 1880 heminam,
842 1801 958 1862 radices
982 1820 1059 1880 qnae
1083 1821 1164 1863 man·

150 1892 298 1952 ducantur
326 1900 389 1951 tres
418 1892 519 1950 mittes
547 1892 578 1950 in
606 1889 692 1950 ollam
727 1889 832 1950 rudem
864 1888 940 1950 bene
973 1890 1078 1971 lotam,
1113 1890 1165 1951 sed

150 1981 306 2040 mundatas
334 1988 364 2039 ct
391 1981 521 2057 integras
549 1979 665 2038 radices
688 1982 788 2039 mittes
812 1985 842 2038 et
864 1981 977 2056 pariter
1000 1979 1201 2061 decoqucs3n

151 2068 202 2128 sed
227 2079 342 2128 utnon
366 2068 560 2143 refrigeretur
583 2068 776 2145 medicamen,
802 2069 892 2127 citato
915 2069 984 2145 igne
1008 2086 1106 2146 usque
1130 2068 1166 2129 ad

150 2155 270 2216 modum
294 2157 349 2217 luti
372 2158 535 2235 aquatieris
560 2157 756 2237 decoquatur,
784 2155 891 2215 deinde
915 2174 983 2216 cum
1007 2157 1165 2235 refrigera·

150 2254 213 2305 tum
242 2244 342 2323 fuerit,
371 2243 481 2305 condes
504 2245 577 2305 illud
600 2248 631 2304 in
655 2243 773 2305 vasculo
797 2246 891 2304 vitreo
915 2263 949 2304 ac
973 2246 1165 2325 tepefactum,

151 2333 291 2412 quamdiu
320 2332 452 2392 dolorem
481 2342 511 2393 et
534 2335 676 2393 tinnitum
698 2333 744 2393 vel
768 2335 899 2394 sonitum
922 2333 1073 2394 auriculae
1096 2353 1164 2413 per·

98 2435 131 2482 31
151 2422 254 2496 leniat,
279 2423 310 2480 in
334 2439 436 2482 aurem
460 2423 496 2482 de
512 2421 642 2500 specillo
665 2421 813 2481 infundes,
858 2421 1017 2483 Infirmatis
1040 2423 1201 2484 auribusss

150 2510 273 2590 prodest
292 2512 451 2588 praecipue
470 2513 545 2588 picis
564 2510 628 2590 llos,
644 2528 733 2589 qrrem
747 2510 914 2589 pisselaeon
929 2510 1035 2572 Graeci
1049 2520 1165 2592 vocant,

151 2618 219 2660 cum
248 2599 312 2659 oleo
341 2601 492 2659 communi
521 2601 643 2677 mixtus,
676 2601 717 2659 ita
752 2606 785 2659 ut
812 2601 899 2660 tertia
932 2618 1001 2679 pars
1030 2603 1070 2660 sit
1098 2601 1165 2663 olei.

150 2687 222 2748 Nam
247 2698 277 2749 et
301 2688 434 2748 dolorem
453 2689 536 2748 sedat
556 2695 585 2748 et
604 2706 664 2747 non
683 2689 813 2765 patietur
835 2690 1081 2766 suppurationem
1100 2690 1166 2750 fieri

151 2780 225 2839 etsi
245 2779 320 2839 iacta
339 2779 439 2855 luerit,
461 2777 564 2837 eodem
584 2777 778 2836 medicamine
797 2785 982 2855 persanatur.
1019 2778 1064 2837 Ad
1085 2797 1165 2839 sum-

150 2887 229 2928 mam
252 2886 306 2947 ego
329 2869 394 2947 ipse
418 2867 469 2926 diu
493 2873 616 2926 vexatus
640 2867 721 2926 auris
744 2865 856 2942 taedio,
884 2884 952 2925 cum
976 2864 1079 2926 multis
1103 2869 1165 2928 lru-
1179 2881 1202 2922 eo

151 2966 212 3016 stra
240 2975 313 3017 usus
341 2975 438 3016 essem
467 2955 702 3028 medicamentis
735 2953 771 3014 ab
803 2954 861 3014 hoc
893 2972 959 3014 sum
986 2964 1166 3033 persanatus

152 3054 182 3103 et
213 3045 285 3104 alios
314 3044 473 3124 conplures
505 3046 613 3104 sanavi.
659 3042 778 3102 Florem
806 3050 906 3103 autem
932 3045 1008 3121 picis
1038 3045 1166 3125 appello,

152 3134 204 3209 qui
238 3134 398 3214 excipitur,
430 3134 501 3194 dum
529 3152 563 3193 ea
596 3135 747 3211 coquitur,
780 3131 843 3192 lana
878 3135 1065 3212 superposita
1100 3136 1166 3195 eius

152 3222 266 3299 vapori,
289 3220 345 3279 hoc
369 3223 457 3279 etiam
482 3239 600 3298 gravem
624 3221 746 3279 odorem
770 3220 806 3280 de
831 3239 901 3280 aure
919 3224 1058 3300 protinus
1078 3222 1165 3283 tollit.

223 3362 238 3409 6
257 3354 348 3407 mulso
368 3369 418 3408 om.
510 3359 542 3406 12
566 3353 668 3423 prime]
692 3354 819 3423 apprime
839 3353 998 3412 Coronatus.
1090 3357 1166 3412 seni·

152 3425 247 3480 eionis.
304 3429 336 3478 15
356 3424 494 3479 anserina.
549 3429 582 3477 22
598 3423 662 3495 luti]
682 3425 735 3479 liti.
790 3431 824 3481 25
838 3425 949 3496 spicilli.
1005 3426 1163 3484 infirmitas.

104 3531 111 3540 κ
152 3504 184 3551 31
208 3514 268 3550 sum
287 3494 464 3566 persanatus]
486 3499 710 3564 supernarratas.
