2422 3878
518 139 760 204 —382-

133 303 230 384 pulvis
253 302 416 381 specularis
435 303 532 362 exusti
551 312 581 362 et
599 303 766 363 diutissime
786 303 921 380 agitatur.
958 301 1036 362 Tum
1057 302 1152 364 medi·

135 410 238 454 camon
266 391 362 451 adhuc
390 389 632 470 pseudocalidum
660 390 835 452 diffunditur
862 392 893 449 in
917 392 1097 451 mortarium
1122 400 1152 453 et

134 480 194 541 illic
222 480 390 541 diutissime
418 478 555 539 manibus
583 478 731 559 subigitur
763 487 852 557 atque
881 479 951 538 inde
979 480 1011 539 in
1040 481 1151 558 pyxide

136 578 187 630 aut
214 570 245 629 in
273 567 380 628 doliolo
404 568 498 628 vitreo
521 569 686 646 reponitur.
728 567 812 638 Quod
836 566 1092 628 medicamentum
1115 569 1151 629 ad

136 675 239 718 omnes
267 656 457 717 collectiones
485 664 515 715 et
541 655 694 733 glandulas
723 666 753 717 et
780 655 930 734 parotidas
959 663 989 716 et
1017 664 1174 718 strumaso

135 746 224 806 etad
248 762 351 805 omnes
375 752 507 803 tumores
535 752 565 805 et
591 745 626 804 ad
651 764 753 805 omnes
776 743 911 822 pustulas
935 752 965 804 et
988 744 1026 804 ad
1052 748 1153 806 omnia

135 833 257 895 vulnera
280 831 408 893 sananda
431 834 671 910 potentissimum
693 842 739 894 est
758 850 873 893 necnon
892 840 923 892 et
941 832 978 892 ad
1001 833 1153 895 stomachi

136 931 165 983 et
188 924 335 981 viscerum
359 922 429 980 vitia
452 929 482 980 et
506 921 541 981 ad
565 921 666 982 lateris
689 931 720 982 et
741 924 858 982 renium
878 928 909 981 et
926 920 1105 983 lumborum
1125 930 1154 984 et

136 1028 276 1070 coxarum
304 1008 421 1069 dolores
449 1009 688 1071 efficacissimum
719 1019 780 1090 est3
813 1010 911 1070 nervis
939 1028 1064 1088 quoque
1094 1011 1154 1090 pla·

136 1097 237 1158 candis
261 1106 291 1157 et
314 1097 460 1158 luxaturis
483 1104 513 1158 et
537 1098 676 1159 lractnris
700 1096 860 1158 solidandis
880 1097 1079 1160 utilissimum
1099 1109 1154 1161 est.
1168 1119 1188 1159 1

534 1378 747 1387 ——u

181 1626 265 1698 Quod
290 1635 391 1686 natum
415 1625 553 1686 Phoebus
576 1626 691 1707 docuit,
715 1625 794 1706 quod
818 1625 930 1687 Chiron
953 1626 1123 1712 Achillem,

181 1715 266 1786 Quod
290 1714 420 1774 didicere
445 1712 514 1773 olim
537 1713 704 1775 Podalirius
727 1724 816 1794 atque
839 1713 983 1776 Machaon

180 1805 202 1862 Α
227 1805 360 1881 genitore
385 1820 453 1883 suo,
476 1804 528 1881 qui
552 1803 699 1881 quondam
723 1821 826 1864 versus
850 1805 881 1863 in
904 1821 1037 1883 anguem

181 1890 302 1970 Templa
325 1889 474 1951 Palatinae
499 1890 590 1952 subiit
614 1891 751 1952 sublimia
774 1891 897 1973 Romae,

181 1978 265 2049 Quod
290 1977 368 2039 Cous
392 1979 493 2040 docuit
516 1981 616 2040 senior
640 1979 778 2060 qnodque
802 1979 918 2040 Abdera
942 1983 1056 2064 suasit,
1169 2003 1180 2044 a

181 2069 265 2139 Quod
289 2067 371 2145 logos
395 2076 445 2128 aut
469 2068 624 2129 methodos
648 2068 832 2147 simplexque
856 2071 999 2146 empirica
1024 2076 1148 2154 pangit:

180 2156 243 2216 lloc
267 2155 343 2216 liher
366 2158 423 2216 iste
446 2164 529 2217 tenet
552 2156 670 2216 diverso
693 2175 709 2216 e
733 2156 869 2235 dogmate
893 2167 1061 2237 sumptum.

179 2244 312 2323 Namque
336 2243 503 2304 salutiferas
526 2246 658 2323 disponit
680 2247 786 2323 pagina
809 2264 904 2306 curas.

180 2332 249 2391 lstic
273 2333 427 2410 repperies
450 2350 504 2410 per
528 2335 645 2392 nomina
668 2351 781 2412 perque
805 2334 946 2394 medellas

180 2419 349 2497 Descriptas
373 2421 488 2497 species
512 2430 542 2481 et
564 2421 696 2499 pondera
719 2439 927 2484 mensurarum
1169 2444 1187 2484 a

181 2507 330 2589 Congrua,
354 2527 429 2587 quae
454 2510 572 2588 sapiens
596 2527 696 2569 sumes
719 2511 920 2571 moderamine
943 2519 1041 2575 certo.

179 2596 222 2657 Ne
246 2596 360 2677 lallare,
383 2598 463 2678 vide,
487 2616 545 2658 neu
569 2616 644 2677 quae
668 2608 738 2659 sunt
761 2607 845 2678 parta
869 2599 957 2660 saluti

181 2685 282 2746 Vertat
305 2687 335 2744 in
360 2688 482 2746 exitium
506 2704 566 2747 non
590 2686 694 2746 sollers
718 2705 789 2747 cura
813 2688 968 2749 medentis.

182 2774 272 2834 Sume
296 2776 387 2852 igitur
411 2775 542 2834 medicos
565 2793 619 2853 pro
644 2783 777 2854 tempore
800 2794 915 2855 proque
937 2776 1045 2839 labore

180 2865 352 2941 Aetatisque
376 2862 479 2923 habitu
503 2881 617 2923 summa
641 2864 755 2924 ratione
778 2873 910 2943 paratos,
1171 2880 1191 2920 1

181 2950 318 3010 Gramine
343 2969 397 3011 seu
420 2952 505 3011 malis
529 2969 618 3030 aegro
641 2960 793 3030 praestare
816 2952 971 3012 medellam

181 3039 317 3099 Carmine
341 3057 395 3100 seu
417 3042 531 3118 potius:
554 3058 681 3118 namque
706 3048 751 3100 est
775 3059 823 3100 res
847 3050 929 3101 certa
952 3041 1047 3103 saluti

181 3127 305 3187 Carmen
330 3127 365 3187 ah
390 3128 515 3189 occultis
538 3128 674 3189 tribuens
698 3129 839 3190 miracula
863 3129 968 3189 verbis.

181 3214 261 3283 Quae
286 3218 368 3276 curis
391 3216 544 3277 hominum
567 3216 759 3296 physicorum
783 3220 900 3279 inventa
924 3230 1089 3304 pararunt,

225 3426 241 3473 9
260 3420 385 3474 medelas
406 3420 565 3476 Carnarius.
641 3428 672 3476 13
693 3422 779 3476 solers
799 3423 876 3479 idem.
956 3426 990 3477 1c
1009 3427 1159 3484 medelam

134 3486 214 3546 §aaa
289 3496 320 3544 ll
342 3491 442 3544 salutis
461 3492 616 3547 Buecheler.
691 3497 723 3546 19
742 3493 868 3561 pararint
887 3493 1055 3552 Carnarius.
