2422 3878
535 97 772 162 -136-

150 262 298 322 sextarius
322 268 352 320 et
374 277 495 320 rursum
519 262 668 339 coquitur.
703 260 761 322 Ubi
783 267 881 321 autem
906 259 982 321 hene
1007 261 1155 323 decoctum

150 350 250 428 fuerit,
274 355 373 409 cetera
398 367 487 427 supra
511 351 622 428 scrIpta
645 367 721 427 quae
745 351 823 410 sicca
846 357 917 410 sunt
940 351 1011 410 trita
1033 351 1157 412 adiciun-

150 446 201 498 tur
215 439 384 516 iterumque
400 437 578 515 decoquitur
592 437 849 516 medicamentum,
869 437 964 498 donec
980 439 1022 498 sit
1034 441 1157 518 spissum

94 540 132 588 44
152 525 232 587 velut
251 525 317 586 mel.
350 525 442 605 Rhus,
462 544 520 604 quo
539 527 659 587 coriarii
677 533 812 605 utuntur,
831 525 970 585 foliorum
989 533 1158 589 tenerorum

75 653 77 657 ψ
151 614 344 675 collectorum
373 620 498 693 aestate,
526 617 700 693 priusquam
729 632 830 675 semen
858 613 1034 676 arbusculae
1054 622 1179 678 'eorumt

150 703 287 778 habeant,
305 703 331 762 11
351 700 460 761 XXIIII
478 709 667 763 macerantur
685 705 716 762 in
736 721 829 782 aquae
848 702 957 763 nitidae
977 706 1095 782 congiis
1114 707 1159 766 tri·

150 792 207 853 bus
231 791 354 852 totidem
377 789 483 850 diebus
505 791 688 870 totidemque
711 791 863 870 noctibus,
892 791 999 852 deinde
1024 811 1159 872 expressa

150 880 219 941 folia
243 879 426 958 abiciuntur,
451 896 539 961 aqua,
563 881 594 939 in
619 898 676 958 qua
700 886 845 941 macerata
868 880 990 960 fuerint,
1013 883 1160 942 transiun-

152 969 233 1030 ditur
256 971 287 1028 in
311 986 361 1028 vas
385 985 505 1028 aereum
529 977 559 1028 et
582 970 733 1048 coquitur,
761 969 856 1028 donec
883 970 914 1027 in
941 967 1039 1029 mellis
1063 973 1160 1050 spissi-

150 1057 285 1118 tudinem
312 1057 473 1134 redigatur.
520 1055 645 1134 Oportet
672 1064 772 1116 autem
800 1057 911 1117 moveri
938 1075 1046 1135 aquam
1071 1061 1190 1137 ipsane

149 1144 287 1206 rudicula
314 1145 360 1205 vel
387 1144 569 1223 spathomela
593 1145 670 1204 aeris
697 1144 795 1225 rubri3
822 1152 926 1223 postea
953 1145 1032 1206 adici
1056 1147 1162 1208 dehent

150 1237 221 1294 trita
244 1234 330 1294 haec:
353 1233 482 1313 Myrrae,
505 1235 596 1313 turis,
619 1233 704 1292 nardi
728 1232 874 1317 Syriacae,
897 1235 1036 1314 cinnamI,
1059 1239 1162 1316 casiae,

150 1322 336 1400 singulorum
361 1322 475 1382 denarii
498 1321 573 1402 hini3
597 1320 704 1381 deinde
728 1320 775 1382 bis
797 1328 880 1381 terve
904 1322 1088 1383 infervefieri
1105 1343 1162 1384 me·

149 1412 350 1473 dicamentum
374 1419 405 1471 et
427 1413 533 1488 reponi
555 1412 586 1469 in
610 1409 716 1488 pyxide
740 1427 855 1489 cyprea.
900 1409 982 1471 Facit
1006 1411 1042 1471 ad
1067 1415 1162 1472 omnia

150 1503 234 1581 vitia,
263 1518 338 1579 quae
366 1501 397 1559 in
426 1518 477 1560 ore
506 1506 682 1578 nascuntur,
711 1499 800 1558 etad
825 1517 909 1558 uvam
933 1508 964 1558 et
985 1503 1113 1560 arterias
1136 1509 1193 1561 et1⁵

150 1593 286 1668 anginam
310 1596 340 1649 et
364 1587 399 1648 ad
424 1586 579 1661 auriculae,
604 1605 639 1646 ex
660 1587 768 1665 quihus
787 1589 872 1665 puris
890 1585 1018 1647 multum
1036 1588 1113 1668 fluit,
1136 1597 1163 1649 et

150 1679 186 1738 ad
210 1684 327 1738 veretra
351 1684 381 1736 et
404 1675 440 1735 ad
463 1674 642 1752 nigridinem
665 1675 925 1755 carbunculorum,
949 1685 1066 1737 crustas
1094 1696 1163 1756 quo·

150 1786 208 1846 que
238 1773 267 1825 et
295 1763 418 1843 papulas
446 1781 548 1823 omnes
577 1769 607 1822 et
632 1765 758 1823 maxime
782 1782 816 1824 ea
838 1765 953 1824 umoris
976 1766 1060 1846 vitia,
1090 1784 1162 1844 quae

150 1858 180 1915 in
210 1863 297 1914 nocte
325 1854 526 1932 concitantur,
554 1858 711 1931 expurgat3
740 1852 792 1912 sed
817 1854 842 1911 si
865 1858 1013 1912 vetustate
1038 1854 1162 1915 medica·

149 1950 283 2003 mentum
311 1942 468 2020 inaruerit,
492 1941 656 2000 remittitur
684 1948 714 2000 et
741 1948 924 2019 temperatur
948 1942 1015 2000 vino
1045 1951 1162 2003 austere
1174 1952 1196 1992 ²⁰

149 2031 226 2090 hene
250 2030 351 2090 calido.

95 2128 131 2176 46
239 2117 414 2177 Remedium
429 2115 529 2176 Cosmi
542 2115 651 2176 medici
671 2115 706 2175 ad
726 2117 862 2194 anginam
877 2126 907 2176 et
921 2117 956 2176 ad
972 2120 1071 2177 omnia
1086 2121 1162 2197 vitia,

152 2208 280 2285 quaein
304 2223 356 2264 ore
379 2212 552 2283 nascuntur,
576 2211 605 2263 et
629 2203 665 2263 ad
688 2222 776 2264 aures
799 2223 875 2282 pure
896 2215 1051 2266 manantes
1075 2215 1105 2266 et
1129 2207 1163 2266 ad

151 2292 350 2354 carbunculos
378 2300 466 2370 atque
495 2292 530 2351 ad
554 2300 683 2373 veretra,
712 2310 787 2371 quae
811 2292 989 2371 nigridinem
1013 2293 1162 2374 duxerint,

150 2390 180 2442 et
204 2381 239 2441 ad
264 2388 380 2440 crustas
404 2381 492 2441 etad
516 2379 617 2440 ulcera
640 2381 671 2439 in
692 2379 819 2458 pedihus
843 2380 970 2441 subtrita
989 2380 1195 2443 calciamento

149 2473 202 2531 tis:
228 2468 311 2529 Rhus
336 2469 450 2548 Syriaci
472 2467 556 2547 IIII,
580 2486 696 2547 myrrae
720 2468 830 2547 IIIIII,
855 2471 950 2529 casiae
974 2468 1059 2549 IIII,
1083 2473 1163 2532 croci

149 2557 230 2640 IIII,
254 2556 351 2619 mellis
370 2558 459 2617 Attici
482 2557 603 2636 cyathos
627 2557 710 2617 duos.
750 2556 895 2635 Coquitur
915 2557 1163 2620 medicamentum

114 2668 116 2673 ·
151 2647 229 2708 Iente
257 2648 288 2706 in
316 2648 417 2706 eicere
440 2645 548 2726 calido,
576 2645 670 2705 donec
699 2647 828 2724 spissum
856 2647 919 2726 fiat,
947 2649 1106 2725 reponitur
1133 2651 1163 2707 in

149 2755 218 2798 vaso
242 2754 338 2796 aereo.

93 2837 130 2885 46
239 2826 391 2885 Arteriace
415 2822 642 2901 adgravidInes
670 2824 730 2881 oris
758 2828 788 2881 et
811 2824 916 2900 capitis
940 2830 970 2883 et
994 2823 1030 2882 ad
1054 2824 1197 2902 plauci-⁸⁰

150 2917 226 2975 ticos
255 2922 285 2975 et
312 2931 366 2993 per
393 2920 508 2973 tussem
537 2912 710 2988 sanguinem
744 2911 885 2971 eicientes
913 2911 1073 2972 conficitur
1106 2915 1164 2973 sic:

150 3003 234 3062 Passi
258 3002 368 3062 Cretici
391 3002 512 3062 sextarii
535 2999 594 3059 duo
618 2999 827 3076 decoquuntur
851 2999 886 3059 ad
910 3001 1028 3080 tertias,
1058 3001 1164 3061 deinde

149 3089 331 3149 admiscetur
355 3092 431 3149 turIs
460 3089 607 3149 victorIati
635 3087 711 3146 duae
734 3089 880 3161 tertiaeve
906 3095 1020 3166 partes,
1048 3107 1165 3168 myrrae

150 3177 280 3255 dimidia,
304 3179 386 3236 croci
408 3194 480 3256 una,
503 3174 688 3253 tragacanthi
710 3174 736 3233 11
755 3175 783 3256 I,
805 3178 933 3254 gummis
956 3175 1028 3258 III,
1051 3180 1166 3256 piperis

222 3309 358 3379 eaquae]
379 3325 443 3376 qua.
515 3306 748 3376 espissitudinis.
824 3310 1005 3366 1111111111.
1070 3316 1164 3381 spato-

149 3381 277 3510 ffici-
305 3386 337 3433 13
356 3379 446 3450 terve]
466 3380 517 3433 ter.
599 3383 633 3431 33
653 3377 724 3433 duae
744 3381 774 3435 et
791 3381 936 3437 tertiueve.
1015 3388 1051 3436 34
1070 3385 1164 3452 traga-
