2422 3878
522 147 676 212 -232
725 184 763 195 -

137 312 259 370 seminis
279 309 345 370 llll
360 311 390 392 S,
409 313 520 390 piperis
539 312 618 389 nigri
637 309 698 390 lil,
718 309 817 370 scillac
837 317 938 371 coctae
958 309 1035 372 llll.
1075 311 1155 374 Hacc

108 455 112 462 .
137 401 234 460 omnia
263 399 444 479 colliguntur
472 419 508 460 cx
539 397 638 479 melle,
671 399 747 459 liunt
773 397 885 476 globuli
912 401 1011 481 parri,
1045 400 1156 463 dantur

137 487 252 549 denarii
270 489 329 550 duo
349 488 394 548 vel
414 506 492 550 tinius
511 506 565 568 pro
585 493 680 547 aetate
699 495 751 547 aut
768 488 940 548 infirmitate
955 506 990 548 ex
1006 489 1155 570 oxymellc

137 576 182 636 vel
206 596 241 638 ex
265 586 348 638 aceto
372 579 464 638 mixto
488 579 519 637 iu
538 575 650 656 cyathis
670 583 811 654 quattuor
829 583 881 636 aut
898 576 1005 639 tribus.
1041 577 1155 641 Eadem

112 668 218 745 'potio
242 666 318 726 hene
341 667 412 726 facit
436 666 470 726 ad
495 665 673 745 hydropicos
696 682 732 723 ex
756 681 831 743 aqua
854 664 949 726 mulsa
972 666 1056 748 data3
1085 681 1182 728 namo

137 758 254 816 urinam
277 761 375 814 moret
397 754 568 833 plurimum,
591 771 645 832 per
668 770 756 831 quam
778 761 952 832 purgantur.

102 856 120 903 4
227 843 371 901 Lienosos
399 850 483 924 sanat
511 851 594 902 extra
622 849 721 901 cutem
749 843 912 921 inpositum
939 844 1038 922 sinapi
1069 853 1157 905 aceto

138 929 234 1009 pridie
254 937 436 991 maceratum
455 937 485 990 et
503 932 607 991 tritum
627 929 740 990 adiecta
754 928 895 990 lenticula
908 948 946 990 ex
960 941 1047 1015 aceto
1061 943 1157 994 cocta.

138 1017 264 1097 Oportet
283 1026 381 1079 autem
400 1038 416 1079 a
436 1026 520 1098 parte
538 1018 625 1078 lienis
645 1020 807 1097 inpositum
825 1018 1077 1081 medicamentum
1095 1029 1157 1082 tam

138 1107 189 1167 diu
209 1105 269 1166 illic
289 1124 364 1187 esse,
383 1107 478 1167 donec
498 1106 629 1167 dolorem
649 1109 711 1184 pati
729 1125 789 1166 non
807 1107 922 1185 possint
940 1110 991 1186 qui
1010 1117 1194 1191 utuntur310

138 1202 242 1274 postea
266 1195 339 1256 solio
363 1195 457 1256 calido
481 1195 684 1274 demittantur,
707 1194 760 1255 ubi
780 1194 882 1274 plures
900 1213 952 1255 eos
971 1200 1157 1278 contineant,

139 1284 210 1344 dum
235 1283 345 1344 desinit
368 1283 480 1365 ferror,
504 1285 614 1361 alioqui
637 1280 760 1344 exilient
783 1283 818 1344 ad
839 1285 970 1363 primum
989 1285 1156 1367 fervorem3

80 1383 86 1394 ’
140 1374 232 1433 maior
261 1374 340 1433 enim
368 1374 399 1433 in
428 1381 496 1434 cute
524 1375 558 1433 fit
585 1370 669 1432 dolor
693 1371 775 1432 calda
798 1374 899 1453 tactis3
922 1380 1027 1450 postea
1052 1382 1156 1436 ccroto

139 1480 260 1522 rosaceo
285 1480 336 1522 eos
359 1464 486 1541 perungi
509 1459 666 1540 oportebit.
811 1524 814 1528 ,

103 1561 119 1610 5
228 1550 314 1611 Aliud
333 1549 455 1610 lienosis
473 1548 638 1610 remedium
658 1548 761 1608 eadem
779 1550 895 1609 rationc
909 1551 1091 1627 inpositum:
1112 1551 1156 1612 Si·
1171 1563 1193 1604 15

139 1641 224 1717 napis
243 1639 364 1717 cyathos
387 1639 471 1717 duos,
490 1640 533 1716 git
553 1635 674 1715 cyathos
689 1637 773 1718 duos,
791 1639 936 1698 nasturcii
950 1639 1076 1718 cyathos
1093 1640 1157 1721 llll,

139 1726 320 1806 myrobalani
340 1729 460 1788 corticis
479 1726 600 1804 cyathos
618 1725 681 1806 llll,
705 1727 817 1804 piperis
837 1725 957 1806 cyathos
976 1725 1011 1787 Π.
1053 1727 1158 1808 Sinapi

140 1816 235 1894 pridie
255 1824 338 1875 aceto
358 1818 420 1875 acri
437 1823 627 1893 maceratum,
647 1813 754 1874 deinde
773 1815 878 1875 tritum
893 1817 1028 1875 contusis
1044 1821 1158 1878 ceteris

139 1905 337 1982 permiscetur
356 1922 512 1982 pannoque
534 1903 651 1963 inlitum
671 1901 920 1963 medicamentum
938 1905 1097 1982 inponitur
1117 1906 1158 1966 la·

140 1994 260 2071 sciaque
283 1992 454 2070 longissima
478 1991 613 2071 alligatur
632 1990 680 2051 rel
698 1989 835 2069 pluribus
853 1993 884 2051 in
903 2010 996 2052 unum
1015 1997 1158 2055 commis·
1172 2007 1197 2045 ²⁰

140 2083 194 2159 sis,
223 2099 282 2159 quo
310 2081 424 2142 tardius
453 2081 590 2141 solvatur.
627 2078 691 2139 Hoc
719 2079 958 2140 efficacissimum
985 2083 1157 2144 remedium

140 2176 187 2227 est
205 2175 236 2227 et
253 2167 415 2229 multorum
435 2187 581 2229 annorum
595 2167 717 2229 lienosis
734 2186 837 2229 omncs
852 2185 956 2229 caiisas
969 2167 1050 2230 tollit
1064 2179 1159 2251 atquc

140 2254 293 2333 duritiam,
322 2256 374 2315 sed
402 2256 549 2334 posthoc
573 2259 598 2315 si
622 2273 697 2333 quae
720 2255 863 2336 reliquiae
887 2259 1066 2340 manserint,
1095 2277 1159 2320 am·

140 2343 275 2401 moniaco
298 2341 443 2402 tollendae
467 2351 555 2403 erunt
578 2343 751 2421 frequenter
773 2344 834 2405 illic
857 2345 949 2406 inlito.

105 2443 121 2492 6
228 2428 393 2490 lnlantibus
416 2429 537 2491 lienosis
561 2430 625 2490 dari
648 2432 798 2511 oportebit
820 2452 926 2513 aquam
953 2433 1096 2518 calidam,
1125 2439 1158 2497 in
1173 2448 1198 2489 2⁵

141 2537 198 2598 qua
226 2517 355 2578 candens
383 2520 497 2580 ferrum
525 2519 711 2600 demittatur,
737 2520 785 2581 rel
811 2522 856 2582 lac
884 2524 1038 2600 caprinum
1065 2528 1158 2586 semi·

141 2616 267 2688 coctum,
290 2609 316 2668 si
339 2627 444 2687 caprae
463 2609 666 2669 tantummodo
684 2609 795 2670 hedera
813 2618 981 2689 pascantur.
1014 2611 1159 2675 Proderit

141 2698 187 2759 his
212 2707 241 2758 et
265 2699 359 2777 sinapi
383 2700 496 2758 siccum
520 2704 678 2758 contusum
698 2707 799 2759 ceroto
818 2702 902 2760 tenui
921 2702 1048 2761 mixtum
1071 2711 1157 2764 extra

141 2798 241 2850 cutem
264 2789 436 2866 inpositum,
460 2795 493 2847 ut
515 2787 606 2847 fascia
629 2786 786 2866 diligenter
808 2787 926 2866 ligetur.

106 2890 120 2935 7
228 2876 369 2955 Malagma
397 2875 433 2936 ad
460 2876 588 2936 lienosos
617 2884 647 2936 et
675 2877 710 2936 ad
738 2878 879 2936 iocineris
912 2885 1062 2938 tumorem
1097 2882 1193 2941 simu

140 2966 323 3025 Ammoniaci
351 2972 452 3044 guttae
479 2965 578 3044 pondo
606 2964 632 3044 l,
660 2983 746 3025 cerae
773 2965 805 3025 P.
834 2965 860 3046 l,
889 2984 975 3026 rosae
1004 2967 1107 3045 pondo
1134 2968 1155 3028 l.

140 3055 364 3114 Ammoniacum
388 3072 423 3113 ex
447 3061 531 3114 aceto
555 3055 663 3114 teritur
681 3055 773 3114 mixto
793 3062 1038 3137 crocomagmate,
1062 3074 1155 3135 quan-

141 3148 204 3198 tum
224 3140 356 3200 colorare
375 3144 478 3219 possit.
508 3141 731 3202 Ammoniacum
745 3144 845 3221 itaque
860 3144 976 3223 teritur,
996 3161 1155 3224 quousque

141 3225 204 3286 leve
228 3229 278 3287 liat
299 3237 329 3287 et
348 3228 443 3288 mellis
462 3231 556 3289 crassi
574 3227 681 3289 habeat
700 3231 938 3311 spissitudincm;
961 3239 1065 3309 postea
1086 3250 1154 3293 cera

231 3437 264 3486 26
279 3428 445 3484 demittatur
457 3431 570 3500 scripsit
584 3431 743 3488 dimittatur
757 3434 919 3492 canarios.
978 3442 1012 3491 33
1028 3438 1154 3494 colorare

140 3504 232 3573 possit
251 3502 465 3570 ammoniacum,
484 3501 560 3570 quod
578 3504 679 3559 teritur
697 3505 820 3562 Scribere.
