2422 3878
493 94 760 157 -24-.

96 257 228 337 qnidam,
252 274 321 316 cum
345 255 500 317 oculorum
523 255 740 316 lacrimantium
764 262 898 316 reumate
922 272 1025 316 carere
1048 273 1111 317 non

94 355 210 424 posset,
239 345 404 423 productus
432 352 478 404 est
509 345 540 403 in
571 343 701 404 medium
735 351 915 405 conventum
947 343 1110 406 multorum

96 436 294 512 spectantium
312 433 505 494 medicorum.
539 431 597 502 Qui
615 450 684 493 cum
702 434 855 510 inspectus
874 432 911 493 ab
929 432 977 493 bis
995 432 1112 514 luisset,

97 521 236 582 dixerunt
264 524 292 582 ei
314 521 471 601 palpebras
494 520 585 581 incidi
612 520 734 601 debere,
763 520 898 581 comburi
925 522 1015 582 etiam
1039 523 1111 583 emi·

97 612 230 671 cranium
254 619 284 670 et
307 629 374 671 raso
396 612 494 688 capite
517 627 606 669 venas
629 611 734 689 secari,
757 609 836 689 quod
858 609 963 671 Graeci
986 611 1137 680 artorio-s

96 701 207 759 tomein
227 700 343 780 dicunt,
361 700 466 777 inponi
485 700 572 758 etiam
592 696 744 779 escharas,
763 706 881 758 etcum
899 697 1111 760 iamomnibus

96 787 169 847 locis
197 787 383 849 debilitatum
411 794 442 847 et
471 788 666 847 cauteriatum
697 795 786 864 caput
817 785 941 848 baberet
975 785 1111 866 nihilque

97 877 125 936 ei
147 883 304 957 tormenta,
325 893 400 955 quae
420 875 568 935 desiderio
587 876 721 936 sanitatis
738 877 886 952 patienter
904 874 1024 956 tulerat,
1042 893 1110 954 pro-

97 964 232 1043 fuissent,
255 963 382 1025 deflebat
406 962 543 1024 omnibus
567 962 770 1025 infelicitatem
794 981 887 1024 suam.
918 962 952 1023 ln
971 963 1111 1025 ultimum

96 1051 169 1113 baec
189 1052 225 1112 ab
244 1054 372 1131 egregiis
391 1052 515 1112 medicis
530 1055 648 1112 inventa
663 1053 778 1113 curatio
793 1060 847 1133 est,
866 1059 987 1113 uicum
1006 1052 1150 1113 dexteru

97 1142 201 1202 oculus
229 1140 380 1201 lacrimam
406 1140 557 1222 funderet,
584 1159 656 1200 vena
686 1143 713 1201 ei
741 1141 838 1201 dextri
861 1140 976 1202 brachii
998 1140 1111 1202 laxare-

97 1237 160 1290 tur:
180 1247 248 1290 cum
267 1231 397 1310 sinister,
416 1228 554 1290 similiter
571 1230 603 1289 in
618 1231 740 1290 sinistro
755 1228 877 1290 brachio
890 1229 985 1290 lieret.
1024 1229 1111 1300 Quod

98 1336 166 1378 cum
189 1320 250 1396 pati
273 1321 421 1397 coepisset
445 1319 590 1399 infirmus,
613 1317 689 1379 flens
710 1325 740 1378 et
758 1335 880 1396 gemens
898 1317 971 1378 illud
991 1318 1112 1379 Catonis

98 1424 186 1486 saepe
210 1407 339 1470 dicebat:
377 1406 515 1488 Corporis
539 1406 682 1468 auxilinm
704 1407 819 1467 medico
845 1408 997 1467 committe
1021 1405 1112 1468 fideli.

62 1505 78 1553 9
98 1494 160 1573 Ego
188 1504 287 1557 autem
310 1498 391 1558 dico:
419 1504 449 1558 et
471 1499 575 1574 perito.
613 1495 720 1555 Restiti
743 1497 834 1573 igitur
856 1494 903 1554 bis
926 1513 982 1556 neo
1007 1513 1112 1556 venam
1126 1509 1151 1552 u

97 1582 189 1644 laxari
211 1588 335 1665 permisi
358 1603 523 1664 magnoque
548 1583 665 1644 silentio
689 1584 766 1644 facto
785 1592 923 1644 auctores
941 1592 1061 1645 nostros
1080 1585 1112 1645 in

97 1674 228 1734 medium
251 1673 364 1753 protuli
387 1693 421 1734 ac
445 1674 568 1733 recitavi
590 1671 710 1750 dixique
734 1672 771 1732 ad
795 1689 860 1733 eos:
897 1671 930 1733 Si
953 1690 989 1732 en
1013 1671 1113 1734 multi·

99 1761 172 1822 lario
196 1770 413 1823 tormentorum
441 1778 550 1840 genere
578 1759 765 1820 miserandus
787 1762 845 1821 iste
869 1760 914 1820 vel
937 1778 1027 1821 unam
1051 1779 1112 1822 me-

98 1849 203 1911 dellam
227 1851 333 1911 luisset
352 1849 486 1930 adeptus,
511 1850 617 1908 merito
641 1866 692 1908 vos
711 1855 877 1930 pateretur,
901 1849 953 1909 sed
973 1867 1042 1910 cum
1061 1867 1112 1910 ne·

99 1957 156 2016 que
180 1940 314 1999 inunctio
338 1956 435 2015 neque
459 1939 564 1998 incisio
591 1955 687 2016 neque
711 1937 868 1999 conbustio
887 1938 1112 1999 inundationem
1126 1953 1152 1994 oo

98 2025 285 2086 lacrimarum
314 2028 477 2104 reprimere
504 2027 648 2107 potuerit,
677 2044 731 2086 cur
759 2027 877 2087 indocte
906 2028 1048 2087 renasci
1073 2026 1112 2087 la·

98 2116 161 2173 rari
184 2116 387 2192 praecepistis,
411 2133 480 2176 cum
500 2115 549 2175 bio
572 2116 630 2174 iam
654 2116 835 2176 semianimis
854 2116 999 2175 visionem
1017 2116 1114 2194 ipsam

99 2202 172 2262 ferri
193 2200 422 2280 perhorrescat?
457 2203 541 2264 Unde
564 2203 680 2263 reddite
703 2203 788 2278 mibi,
812 2204 1024 2282 sapientissimi
1047 2206 1114 2285 riri,

98 2289 260 2351 hodiernae
283 2309 387 2351 causas
411 2293 583 2373 curationis,
607 2310 661 2352 cur
684 2291 776 2352 luerit
796 2291 926 2370 desuper
944 2291 1049 2353 oculus
1068 2294 1113 2352 in·

99 2381 192 2458 cisus,
225 2398 279 2439 cnr
311 2397 411 2440 rasum
443 2389 545 2462 caput,
579 2399 633 2441 cur
660 2378 792 2440 meacula
823 2387 926 2441 exusta
960 2399 1112 2443 venarum.
1127 2394 1153 2436 as

99 2466 212 2528 Mettus
240 2470 318 2527 enim
346 2469 484 2547 inrigatio
513 2471 539 2528 si
566 2470 682 2529 venerit
709 2468 746 2528 ad
774 2486 808 2529 ea
836 2468 914 2549 loca,
942 2469 973 2528 in
1002 2468 1113 2548 quibus

99 2555 226 2616 habebat
249 2556 470 2634 receptaculum
490 2556 675 2618 collectionis
695 2575 774 2637 suae,
794 2575 852 2636 qno
872 2559 985 2635 impetn
1005 2558 1113 2618 exinde

99 2644 297 2706 descendebat
316 2646 468 2727 deorsum,
494 2664 654 2706 recurrens
678 2663 785 2706 rursus
804 2646 840 2706 ad
859 2645 969 2706 iontem
994 2645 1115 2707 cerebri

98 2733 199 2812 ibique
223 2743 448 2813 coangustatus,
472 2753 539 2796 cum
563 2735 678 2794 fervere
700 2736 845 2814 coeperit,
871 2733 1034 2795 verendum
1058 2743 1114 2817 est,

99 2841 136 2884 ne
159 2825 314 2901 perforans
338 2832 437 2885 cutem
461 2842 495 2884 ac
516 2823 700 2902 pertundens
724 2831 835 2883 cratem
859 2823 965 2901 capitis
988 2831 1114 2902 generet
1127 2838 1154 2880 eo

170 3033 186 3079 4
205 3030 397 3098 emigranium.
448 3037 464 3085 b
484 3029 695 3086 arieriotomein
712 3028 882 3097 Stephanus:
901 3026 1112 3084 arieriotomon.

100 3103 219 3151 boacas.
280 3101 420 3171 omnibus]
440 3102 574 3156 aeonibus
644 3100 846 3154 'lcauberitnm
866 3105 922 3154 Ira.
978 3099 1114 3154 11lacri-

99 3184 183 3222 mum.
258 3174 291 3222 14
311 3169 447 3224 auxilium
465 3171 635 3242 Stephanus:
653 3170 762 3240 exigna.
833 3175 866 3225 18
884 3169 1035 3224 medellam
1055 3176 1114 3239 Im,

98 3255 173 3293 nuuc
192 3239 308 3293 alterum
326 3240 336 3292 l
355 3257 470 3295 uacum.
558 3247 590 3296 19
609 3256 699 3309 neque
718 3239 882 3297 inunctione
901 3258 933 3309 q;
952 3241 1051 3311 (delet.)
1070 3241 1113 3296 in-

34 3318 38 3340 ¹
98 3309 237 3376 cisiondq3
266 3310 421 3365 conbustio.
511 3316 544 3364 22
573 3310 709 3365 visionem
735 3317 784 3366 1m
810 3311 976 3367 incisionem
1004 3317 1056 3367 2m
1082 3314 1114 3366 iu

98 3397 206 3435 rasura.
338 3386 372 3434 23
400 3380 621 3449 perhorrescant.
752 3388 796 3437 28*
813 3400 922 3438 rursum
951 3382 1114 3439 Carnarius.

100 3455 133 3505 29
153 3453 377 3519 conangusiatus.
460 3457 494 3507 30
513 3468 624 3522 genere.
