2422 3878
518 191 557 202 -
605 155 758 221 262-

130 336 205 398 quae
229 317 340 378 Graece
364 316 555 398 sisymbrium
574 318 692 398 dicitur,
716 320 804 378 tritae
823 334 914 378 sucus
933 335 1098 395 expressus
1120 328 1152 381 et

130 424 201 466 sano
225 425 262 466 ex
284 409 366 489 vino,
392 407 576 467 febricitanti
599 423 635 466 ex
658 424 734 485 aqua
756 409 840 485 potui
863 406 950 466 datus
972 408 1086 467 mirum
1113 409 1151 469 ad

76 507 110 556 oa
129 497 260 556 vessicae
284 495 403 556 dolores
426 494 591 555 remedium
615 501 669 555 est.
706 495 880 555 Feniculum
904 512 973 555 cum
992 494 1151 558 radicibus

130 586 192 644 suis
215 584 372 644 decoctum
395 591 426 644 et
448 584 533 661 potui
556 591 709 662 sumptum
730 583 892 644 efficaclter
911 585 1043 644 vessicae
1065 585 1151 647 dolo-

129 672 213 734 ribus
237 673 367 751 prodest.
1163 694 1176 734 a

76 772 110 821 63
219 759 424 841 Glycyrrhizae
439 760 698 821 commanducatae
715 778 805 820 sucus
820 759 978 820 devoratus
988 760 1034 820 vel
1049 768 1151 824 trans-

76 860 111 909 64
130 852 240 909 missus
255 851 371 909 urinam
388 848 549 909 efficaciter
562 857 711 928 provocat.
740 848 896 910 Trifolium
910 851 1063 910 minutum
1079 870 1152 912 cum

130 940 233 1016 pipere
264 946 295 997 et
321 937 421 1015 puleio
450 944 594 1017 quantum
622 939 695 998 satis
721 937 871 998 videbitur
894 939 1000 998 tritum
1023 946 1054 998 et
1079 959 1151 1001 cum

77 1036 110 1085 65
131 1027 197 1085 vino
216 1027 300 1104 potui
318 1025 419 1086 datum
438 1028 583 1087 vessicam
602 1044 749 1105 renesque
766 1023 915 1105 purgabit.
945 1025 1063 1088 Herbae
1083 1048 1151 1089 ver·

130 1114 223 1174 benae
252 1117 397 1175 contritae
426 1131 516 1175 sucus
541 1132 700 1194 expressus
724 1114 847 1175 adiectis
871 1117 932 1174 vini
953 1115 1071 1194 cyathis
1095 1120 1188 1178 tri-10

129 1201 186 1262 bus
213 1206 298 1282 potul
323 1203 410 1265 datus
434 1202 648 1264 admirabiliter
669 1204 812 1264 continuo
837 1204 941 1263 urinae
965 1202 1150 1267 difficultati·

77 1301 111 1350 66
130 1289 187 1351 bus
206 1291 348 1371 proderit.
382 1291 489 1374 Herba,
509 1311 584 1371 quae
603 1309 725 1372 granmn
744 1291 855 1352 dicitur
869 1291 1015 1352 nodorum
1030 1291 1150 1376 XXVll,

80 1410 81 1413 ¹
130 1398 165 1440 ex
193 1382 262 1441 vino
295 1381 331 1441 ad
359 1381 471 1442 medias
500 1379 621 1441 decocta
649 1388 680 1441 et
703 1397 842 1460 expressa
865 1388 953 1459 atque
976 1381 1074 1443 colata
1097 1403 1150 1461 po·

130 1471 233 1548 tuique
258 1472 461 1549 strangurioso
490 1488 525 1529 ex
549 1472 611 1529 vini
637 1468 742 1549 cyatho
770 1487 830 1529 uno
861 1471 951 1530 mixta
977 1469 1044 1530 data
1074 1473 1150 1532 adeo

129 1566 267 1636 potenter
300 1561 463 1640 succurrit,
491 1564 525 1617 ut
552 1556 604 1617 ubi
631 1560 696 1618 sine
723 1564 873 1617 tormento
900 1559 1019 1618 urinam
1046 1558 1187 1621 facerem

130 1649 275 1728 coeperit,
304 1647 369 1707 dari
391 1665 451 1707 uon
474 1653 620 1726 oporteat,
642 1646 696 1706 sed
719 1645 901 1706 febricitanti
923 1663 960 1706 ex
983 1653 1060 1726 aqua
1085 1649 1149 1709 sola

131 1734 257 1796 dabitur.

77 1833 110 1882 et
220 1824 253 1884 Si
276 1825 343 1902 quis
366 1824 437 1883 vitio
458 1824 593 1883 vessicae
616 1831 667 1884 aut
686 1824 848 1901 strangurll
870 1821 1008 1882 laborans
1032 1823 1148 1902 lignum

130 1915 305 1973 tamaricum
333 1911 441 1972 ardens
470 1910 542 1972 lotio
567 1929 620 1972 suo
637 1913 813 1992 extinxerit,
842 1911 958 1971 desinet
981 1911 1059 1972 ultra
1080 1932 1148 1974 cru·

77 2009 111 2058 68
131 2003 211 2062 olari.
244 2002 386 2080 Cupressi
409 2001 477 2061 folia
500 2009 603 2062 tenera
623 2019 659 2061 ex
677 2017 771 2080 aquae
790 2001 928 2060 sextariis
947 2007 1091 2078 quattuor
1111 2003 1147 2063 ad
1161 2017 1186 2056 ao

131 2093 292 2150 sextarium
314 2090 435 2150 decocta
455 2098 485 2150 66
504 2107 645 2168 expressa
664 2098 753 2167 atque
771 2088 867 2149 colata
884 2105 954 2148 cum
972 2091 1041 2149 vino
1061 2095 1148 2168 potui

131 2178 197 2236 data
221 2179 389 2255 stranguria
413 2178 553 2239 celeriter
576 2177 742 2238 emendant.

78 2276 111 2325 oe
219 2265 353 2324 Hederae
376 2267 478 2343 nigrae
501 2264 589 2326 bacas
613 2263 636 2324 V
660 2272 711 2325 aut
733 2263 771 2326 Vl
797 2274 847 2328 aut
874 2265 1027 2345 undecim,
1055 2275 1149 2345 prout

131 2360 211 2412 aetas
239 2354 321 2430 aegri
347 2355 487 2432 viresque
514 2355 681 2435 patientur,
709 2356 852 2415 contritas
880 2370 917 2414 ex
944 2370 1019 2433 aqua
1050 2355 1149 2416 mulsa

131 2448 264 2520 sumptas
285 2443 360 2502 mire
378 2441 521 2520 prodesse
539 2442 731 2503 manifestum
752 2450 806 2522 est,
829 2444 919 2503 etiam
939 2445 965 2503 sl
984 2446 1149 2521 sanguinu—
1162 2461 1187 2501 aa

131 2530 242 2591 lentam
263 2532 381 2592 urinam
406 2533 629 2610 stranguriosus
652 2531 752 2612 faeiet3
782 2550 819 2591 ex
842 2549 918 2610 aqua
940 2534 1149 2594 tantummodo

79 2630 111 2680 το
132 2619 224 2681 calida
249 2638 297 2680 eas
321 2628 424 2700 potare
447 2619 575 2683 debebit.
608 2620 677 2681 Avis
697 2619 857 2698 ossifragae
877 2619 1061 2680 ventriculus
1080 2621 1149 2682 sali·

132 2720 189 2792 tus,
213 2721 247 2770 ut
271 2713 384 2771 servari
401 2713 504 2790 possit,
527 2721 580 2770 aut
599 2716 723 2769 exustus
742 2716 773 2768 et
789 2711 822 2768 in
837 2708 991 2787 pulverem
1004 2708 1149 2772 redactus

133 2819 201 2861 cum
224 2802 285 2860 vini
308 2803 429 2878 potione
453 2799 539 2860 datus
563 2800 680 2859 vinnam
704 2798 866 2858 efficaciter
888 2805 1038 2875 provocat.

80 2899 112 2948 tt
221 2888 309 2950 lllulis
336 2891 515 2968 inpetigines
543 2890 575 2948 in
598 2894 726 2965 utroque
749 2903 838 2947 crure
862 2902 954 2963 super
977 2903 1074 2963 genua
1096 2905 1148 2948 na·
1162 2903 1187 2944 eo

133 2988 259 3040 scuutur
278 2987 308 3038 et
326 2978 417 3039 veluti
436 2980 514 3039 cutis
534 2974 633 3037 aridae
652 2975 740 3035 modo
758 2973 927 3055 inhaerent3
948 2973 1001 3033 has
1019 2976 1150 3037 incende

133 3076 162 3126 et
190 3069 428 3145 stranguriosum
456 3067 650 3127 divaricatum
678 3063 808 3144 desuper
835 3080 927 3142 pone,
954 3065 996 3122 ita
1023 3071 1059 3124 ut
1086 3065 1149 3125 suf·

133 3155 356 3232 fumigationem
384 3155 465 3217 illam
488 3156 626 3234 expausis
650 3151 784 3213 vestibus
806 3159 901 3233 tegat,
930 3168 968 3211 ne
992 3168 1050 3230 qua
1074 3152 1151 3214 odor

223 3305 442 3360 laesimbrium.
516 3303 700 3374 oglieeiu'aae
719 3305 978 3361 commanducatae.
1047 3310 1149 3376 epur-

133 3374 256 3446 gabitur.
366 3382 400 3430 14
422 3371 618 3446 strangulioso.
728 3378 761 3428 18
786 3376 961 3446 stranguriae
986 3373 1149 3432 (funarius.

136 3454 167 3501 19
188 3446 360 3501 extinexerit.
469 3452 503 3501 22
528 3444 718 3516 stranguriam
739 3445 898 3502 (fornerius.
1007 3448 1149 3504 emendat.

133 3525 167 3572 25
188 3516 284 3590 eliam]
303 3534 377 3573 nem.
451 3523 485 3572 26
504 3517 551 3589 ex]
570 3519 607 3572 et.
680 3522 713 3570 at
733 3517 852 3573 sortitus.
926 3524 960 3573 30
978 3516 1069 3573 ienua.
