2422 3878
588 183 625 192 —
674 148 828 212 368-

200 310 275 368 clnis
297 307 464 369 levissimus
488 308 617 369 admixto
642 311 784 387 sanguine
808 307 920 369 bubulo
947 307 1102 370 subactus
1124 318 1156 371 et
1175 329 1207 371 ιιι

199 398 322 473 positus.

164 496 181 544 8
290 483 442 544 Vettonica
465 503 532 545 cum
556 503 631 563 aqua
655 484 691 544 ad
714 486 818 545 tertias
842 484 963 545 decocta
987 503 1025 544 ac
1045 489 1141 563 potui
1161 488 1196 548 da

199 575 323 651 ipsaque
348 592 415 633 cum
435 573 587 633 decoxerit
605 575 675 633 trita
694 580 783 652 atque
802 573 934 652 adposita
953 573 1113 652 podagrae
1134 575 1188 653 plu
1210 604 1211 627 ι

164 672 280 721 amum
309 661 454 721 medetur.
494 660 593 721 Herba
620 663 751 741 senecio,
781 679 856 739 quae
881 663 912 720 in
935 661 1048 740 tegulis
1073 667 1198 725 nascitu

199 768 267 810 cum
287 749 347 809 sale
366 752 436 809 trita
454 751 518 808 vice
536 749 719 826 malagmatis
737 751 874 828 imposita
892 749 1066 828 podagricis
1088 753 1211 830 prodes

147 848 180 898 10
288 836 429 914 Malagma
457 840 697 914 potentissimum
724 837 761 897 ad
789 837 963 915 podagram,
990 836 1030 897 ad
1060 839 1211 902 fractura

199 925 235 984 ad
263 933 409 1002 tumores,
437 924 473 984 ad
501 925 718 1005 condylomata,
746 927 834 985 etiam
862 925 898 985 ad
927 927 1048 986 renium
1075 927 1211 990 dolorem

199 1014 225 1072 si
243 1011 302 1071 illic
321 1015 499 1094 imponatur,
523 1013 602 1092 quod
622 1014 687 1073 lieri
706 1021 823 1092 oportet
842 1012 998 1092 speciebus
1021 1015 1107 1076 inira
1129 1019 1207 1096 scrip

198 1102 237 1160 tis
261 1102 317 1161 sic:
341 1100 474 1179 Asphalti
497 1101 595 1180 pondo
620 1119 722 1182 unum,
747 1119 833 1161 cerac
852 1101 950 1179 pondo
968 1119 1077 1176 unum,
1099 1107 1211 1166 resina

199 1188 361 1249 cololoniae
384 1189 482 1269 pondo
506 1208 608 1270 unum,
630 1190 706 1268 picis
730 1188 863 1250 Bruttiae
886 1189 984 1267 pondo
1005 1208 1117 1272 unum,
1144 1193 1206 1254 chal

198 1277 297 1337 citidis
320 1277 351 1336 P.
371 1277 396 1357 l,
420 1295 542 1356 spumae
566 1279 681 1356 argenti
703 1279 901 1357 semunciam,
925 1295 1067 1338 cerussae
1095 1299 1207 1343 sescun

198 1367 282 1446 ciam,
305 1365 442 1426 aluminis
466 1365 588 1426 rotundi
608 1368 801 1445 semunciam,
825 1365 962 1425 aluminis
981 1369 1072 1427 scissi
1094 1387 1206 1430 sescun

197 1455 286 1534 ciam,
309 1456 419 1533 misyos
443 1456 641 1535 semunciam,
664 1452 756 1531 gallae
780 1455 978 1535 semunciam,
1001 1457 1065 1532 opii
1092 1460 1211 1519 semia*

197 1545 391 1621 semunciam,
411 1545 588 1620 opopanacis
608 1543 801 1622 semunciam,
820 1542 899 1602 aloes
915 1545 1119 1624 semunciam,
1140 1564 1204 1626 myr

197 1648 247 1689 rae
272 1632 469 1710 semunciam,
493 1631 569 1690 turis
593 1628 748 1691 masculini
772 1634 969 1709 semunciam,
992 1629 1113 1693 herbae
1138 1653 1205 1695 man

196 1718 338 1795 dragorae
356 1751 393 1760 -
410 1717 423 1777 l
439 1717 467 1798 S,
482 1720 558 1778 aceti
573 1718 650 1796 quod
666 1718 802 1779 sufficiat.
826 1717 906 1788 Quae
921 1718 1074 1779 tundenda
1092 1722 1195 1783 fuerin

196 1805 304 1866 tundes
332 1814 362 1865 et
389 1824 508 1886 cernes,
538 1824 614 1886 quae
637 1806 864 1887 liquefacienda,
891 1806 927 1866 ad
953 1808 1053 1883 ignem
1079 1810 1211 1871 resolve

197 1903 226 1954 et
245 1894 338 1954 colata
357 1897 387 1953 in
407 1912 499 1954 ιιιιιιιιι
518 1895 713 1973 permiscebis
731 1901 762 1955 et
780 1894 840 1954 leni
858 1912 965 1972 vapore
983 1896 1062 1972 iguis
1079 1901 1200 1960 tenuite

197 1982 345 2061 decoquas
369 1990 399 2043 et
422 1990 505 2043 aceto
528 1983 669 2062 paulatim
693 2000 886 2062 consperges3
909 1981 1016 2043 deinde
1036 1983 1137 2046 facies
1157 1995 1202 2048 tro

196 2070 325 2150 chiscos,
359 2073 411 2150 qui
438 2070 565 2132 habeant
593 2070 767 2150 singuli-
791 2071 891 2151 binas,
918 2089 1007 2150 quos,
1036 2090 1112 2134 cum
1143 2095 1209 2137 usu

196 2161 336 2237 exegerit,
354 2158 415 2219 leni
435 2162 503 2237 igne
522 2159 652 2220 resolves
671 2166 701 2219 et
720 2161 763 2219 sic
781 2158 907 2238 pedibus
925 2158 1116 2235 malagmatis
1132 2182 1208 2225 mor

195 2248 338 2323 impones.

143 2348 175 2395 11
284 2333 459 2393 Remedium
481 2341 728 2412 praesentaneum
751 2335 788 2395 ad
810 2336 969 2414 podagram
993 2342 1023 2395 et
1045 2353 1207 2400 nervoruo

195 2428 225 2480 et
251 2419 353 2479 lateris
381 2430 410 2481 et
433 2424 550 2481 renium
578 2429 608 2481 et
631 2421 799 2483 lumborum
823 2422 939 2482 dolores
962 2422 1053 2483 etad
1077 2434 1209 2489 struma

195 2517 225 2568 et
244 2508 279 2568 ad
299 2508 448 2588 parotidas
468 2517 498 2568 et
516 2509 667 2586 paniculas
687 2513 743 2572 sic:
766 2510 918 2572 Pumiccm
936 2511 1097 2594 marinum,
1124 2515 1211 2578 baca

193 2596 283 2677 lauri,
312 2599 483 2676 aeruginem
513 2615 607 2676 aequo
635 2599 766 2676 pondere
790 2599 955 2659 contundes
979 2606 1008 2659 et
1031 2606 1120 2663 teres
1146 2624 1207 2667 ctu·

193 2688 296 2765 pipere
321 2695 350 2746 et
373 2685 442 2766 sale,
467 2693 609 2764 quantum
628 2689 793 2747 aestimaris
811 2705 899 2766 posse
918 2687 1072 2769 sulficere3
1098 2692 1211 2754 adicie

194 2785 223 2834 et
245 2777 320 2854 picis
345 2774 436 2834 durae
460 2781 490 2833 et
509 2773 567 2833 olei
587 2785 616 2835 et
634 2774 729 2835 mellis
747 2775 931 2854 aliquantum
949 2782 979 2835 ct
997 2776 1089 2837 simul
1112 2784 1206 2842 omni

194 2880 288 2941 usque
307 2862 343 2921 ad
363 2861 586 2940 spissitudinem
606 2862 753 2942 decoquas
768 2873 798 2923 et
812 2862 906 2924 colata
920 2881 987 2924 cum
1002 2861 1069 2923 oleo
1085 2865 1208 2948 Syriae

194 2950 314 3030 subigas
337 2958 367 3009 et
389 2967 444 3028 pro
468 2949 648 3031 malagmate,
672 2970 740 3012 cum
764 2969 839 3030 opus
861 2951 961 3032 luerit,
984 2946 1091 3015 u'teris.

141 3051 173 3097 12
282 3037 462 3116 Compositio
481 3036 678 3100 Mithridatica
697 3039 733 3100 ad
752 3038 910 3119 podagram
930 3048 960 3099 ct
977 3056 1148 3107 nervorum
1164 3047 1201 3109 do

192 3124 271 3185 lores
295 3133 325 3184 e't
348 3128 565 3187 contractiones
589 3129 645 3189 sic:
674 3127 765 3188 Gerae
790 3129 906 3188 unciam
929 3145 1032 3207 unam,
1058 3134 1210 3197 medulla

192 3215 327 3271 cervinae
351 3212 520 3274 drachmam
544 3214 565 3295 l,
588 3215 683 3294 adipis
701 3218 820 3277 ursinae
840 3215 1009 3276 drachmam
1028 3214 1052 3297 1,
1078 3222 1198 3287 cinnat·

192 3486 216 3540 0
282 3422 313 3500 ιιι
333 3416 389 3472 leni
407 3420 521 3489 scripsi:
544 3420 601 3475 levi
621 3419 781 3476 Carnarius.
882 3425 915 3475 22
934 3418 993 3474 leni
1010 3424 1135 3496 scripsi:
1160 3432 1200 3490 le

214 3503 351 3542 moerens.
