2422 3878
542 122 762 186 ,94-

560 301 638 363 CAP.
663 301 749 361 Vllll.

216 416 271 472 Ad
293 415 428 470 aurium
451 414 587 470 dolores
609 413 789 469 universos
815 413 955 469 etnicis
978 414 1093 470 omnia

514 506 550 559 et
571 502 791 570 surdiginem.

113 654 126 701 1
236 640 325 700 Fellis
348 642 462 719 caprini
482 632 520 725 9·
540 638 562 720 I,
586 638 682 699 mellis
702 632 742 724 2·
762 638 774 697 l
799 645 936 698 conteres
955 641 1036 699 etin
1056 641 1161 719 strigili

147 730 300 790 calefacies
324 737 353 790 et
375 728 515 789 infundes
541 736 571 787 et
594 727 660 787 lana
684 727 825 787 oocludes
848 746 959 788 aurem.
1000 727 1083 788 Nihil
1107 730 1161 790 hoo

146 819 339 879 medicamine
363 819 515 896 potentius
538 835 635 895 neque
659 818 784 895 certiuS,
813 817 901 876 etiam
926 819 950 875 si
978 818 1161 878 intrinsecus

111 909 368 968 ecanceraverint
390 924 485 966 aures
519 904 629 965 Porros
648 906 787 984 virgines,
810 904 839 963 id
860 912 985 964 estnon
1004 905 1161 987 plantatos,

146 997 243 1074 inpari
266 1013 391 1054 numero
415 1003 445 1054 et
464 994 626 1055 lumbricos
646 1001 782 1053 terrenos
801 995 899 1072 inpari
918 1011 1043 1054 numero
1063 998 1185 1075 capieso

142 1092 171 1143 et
200 1083 288 1143 simul
317 1101 353 1143 ex
382 1083 447 1143 oleo
472 1086 583 1161 optimo
608 1083 644 1142 ad
668 1083 772 1142 tertias
801 1082 950 1160 decoques
974 1091 1004 1142 et
1027 1085 1162 1162 tepidum

111 1172 215 1232 3inde
244 1171 323 1250 quod
352 1171 479 1231 sufficiat
505 1171 645 1231 infundes
673 1169 833 1230 auriculae.
879 1170 970 1230 Laser
993 1190 1061 1231 cum
1087 1172 1162 1233 lacte

146 1278 278 1339 eapruno
301 1262 418 1320 incocto
442 1262 557 1321 recenti
580 1258 720 1320 miscebis
749 1266 778 1319 et
806 1259 875 1319 inde
899 1278 987 1320 aures
1010 1262 1096 1338 prius
1121 1262 1162 1321 di-

146 1349 210 1409 lues
238 1368 272 1409 ac
300 1357 402 1427 postea
430 1349 469 1409 fel
497 1350 648 1410 taurinum
676 1356 707 1408 et
738 1348 835 1407 oleum
870 1348 1024 1408 cedrinum
1058 1352 1162 1428 aequis

146 1437 333 1517 portionibus
352 1439 478 1498 mixtum
496 1446 602 1516 tepens
619 1436 773 1496 infundes:
791 1436 849 1496 hoc
864 1435 981 1496 dolores
996 1440 1071 1497 mire
1086 1439 1160 1498 mul·
1175 1452 1198 1490 1⁰

146 1536 194 1588 oet
217 1535 247 1587 et
270 1527 393 1589 dubium
417 1527 551 1587 auditum
575 1525 730 1584 confirmat
749 1532 779 1584 et
797 1543 854 1603 pus
874 1525 1031 1585 collectum
1051 1545 1162 1604 expur-

110 1624 203 1694 4gat.
246 1616 441 1677 Coriendrum
465 1614 559 1674 viride
583 1620 663 1673 teres
692 1621 721 1672 et
748 1615 779 1672 in
808 1615 869 1672 vini
892 1613 996 1692 cyatho
1020 1615 1162 1675 miscebis

147 1715 177 1764 et
199 1704 310 1764 colabis
334 1713 363 1764 et
385 1705 451 1763 lana
475 1701 555 1762 molli
573 1704 604 1761 in
624 1719 727 1762 aurem
746 1701 904 1792 instillabis
923 1710 953 1763 et
972 1703 1075 1762 eadem
1095 1703 1161 1763 lana

111 1793 285 1854 oobstrues
308 1810 418 1853 aurem.
451 1791 494 1851 Ad
520 1809 617 1871 aures,
641 1808 715 1870 quae
739 1793 868 1869 graviter
892 1791 993 1851 dolent
1011 1800 1041 1851 et
1060 1801 1161 1852 vetera

146 1881 267 1942 vulnera
296 1882 476 1940 intrinsecus
504 1879 627 1953 habent,
659 1877 755 1938 mellis
783 1881 888 1957 optimi
916 1898 1004 1940 unam
1035 1889 1160 1961 partem,
1175 1895 1198 1935 15

147 1972 222 2029 aceti
250 1970 388 2030 acerrimi
415 1969 489 2028 duas
516 1977 616 2047 partes
645 1967 785 2027 confusas
813 1967 963 2047 decoques
991 1969 1161 2029 fervoribus

147 2057 242 2116 tribus
271 2065 301 2118 et
328 2057 444 2135 longius
468 2075 502 2116 ea
525 2056 561 2117 ab
585 2059 653 2135 igne
677 2055 851 2138 removebis,
875 2056 970 2117 donec
993 2068 1161 2118 commotus

146 2145 245 2204 fervor
263 2148 466 2226 conquiescat3
490 2153 554 2206 tum
577 2147 689 2205 nitrum
713 2145 804 2204 addes
823 2163 858 2205 eo
878 2164 983 2227 usqne,
1007 2146 1102 2207 donec
1125 2165 1160 2207 ex

145 2251 253 2311 vapore
274 2252 416 2311 agnoscas
440 2237 551 2295 nitrum
575 2233 723 2294 resedisse
750 2241 780 2294 et
803 2235 912 2295 iterum
936 2235 996 2295 leni
1019 2237 1089 2313 igne
1112 2255 1160 2296 re·

146 2340 268 2401 coques,
296 2340 333 2381 ne
357 2322 509 2404 efferveat,
537 2330 609 2382 tunc
637 2322 727 2382 addes
750 2321 790 2382 fel
812 2322 962 2384 hircinum
986 2322 1032 2383 vel
1055 2343 1160 2402 capru-
1175 2338 1199 2376 20

144 2429 215 2470 num
240 2410 284 2469 vel
308 2412 459 2471 verrinum
484 2419 535 2471 aut
558 2412 728 2491 porcinum,
757 2412 827 2471 dum
851 2430 910 2471 non
935 2412 970 2472 de
995 2412 1105 2493 scrofa,
1130 2422 1161 2474 et

146 2499 345 2559 commovebis
373 2506 403 2559 et
431 2501 541 2560 iterum
571 2517 740 2578 concoques
773 2518 807 2559 ao
835 2500 995 2579 tepefacies
1028 2508 1058 2560 et
1090 2501 1160 2561 inde

110 2595 289 2666 liquantum
313 2591 385 2648 satis
408 2597 455 2648 est
478 2588 599 2649 auribus
622 2588 754 2648 infunde.
792 2588 890 2667 ddeps
914 2607 1053 2649 ranarum
1077 2590 1159 2669 palu-

146 2679 253 2738 strium
280 2677 438 2756 liquefacta
467 2679 493 2737 si
521 2685 625 2757 tepens
653 2679 683 2736 in
708 2694 796 2736 aures
824 2678 1011 2757 infundatur,
1040 2679 1159 2738 dolores

112 2780 126 2827 7
146 2769 253 2826 nimios
277 2765 430 2845 mitigabit.
463 2765 553 2825 Dolor
571 2767 687 2825 aurium
708 2765 829 2825 sedatur
850 2769 938 2826 etiam
957 2768 1063 2826 canino
1083 2767 1159 2827 lacte
1173 2779 1197 2818 ²5

110 2869 126 2917 8
146 2865 176 2916 et
200 2857 312 2936 ursino,
335 2857 361 2915 si
383 2873 489 2915 recens
513 2854 683 2915 instilletur.
730 2853 855 2915 Terreni
877 2873 993 2915 vermes
1017 2873 1086 2915 oum
1111 2874 1160 2916 an·

147 2948 221 3005 seris
254 2946 339 3024 adipe
371 2943 417 3005 vel
449 2962 517 3004 cum
549 2943 613 3003 oleo
643 2944 760 3003 decocti
788 2945 851 3003 sine
879 2942 968 3004 dubio
1001 2944 1160 3004 medentur

110 3045 125 3092 9
146 3033 268 3093 auribus
287 3033 462 3111 purulentis.
485 3031 577 3093 Urina
596 3034 661 3110 apri
680 3038 817 3091 servatur
835 3033 866 3092 in
881 3035 966 3113 vitro,
985 3033 1037 3091 sed
1052 3033 1160 3093 melius

146 3138 213 3179 cum
238 3122 334 3180 vesica
356 3124 460 3201 ipsiuS,
484 3120 631 3200 quomodo
655 3123 684 3180 ei
702 3119 816 3180 sublata
835 3121 938 3201 fuerit,
962 3120 1034 3180 haec
1054 3129 1161 3200 tepens

94 3220 126 3269 10
146 3208 243 3267 infusa
266 3206 389 3268 auribus
412 3212 499 3269 unice
522 3208 653 3287 prodest.
698 3208 844 3269 Bestiolae
867 3209 1059 3289 multipedes,
1083 3229 1160 3288 quae
1174 3223 1199 3262 ³0

217 3341 381 3395 2infundes
399 3341 429 3395 in
447 3342 514 3395 lena
531 3343 561 3396 eb
579 3341 722 3396 obcludes.
795 3342 957 3413 ivirginis.
1030 3345 1160 3414 deepies

145 3429 195 3467 om.
229 3476 233 3483 ,
267 3418 299 3466 16
318 3413 486 3481 dequoques.
551 3418 585 3467 20
605 3412 750 3469 efferveat.
815 3415 980 3486 caprimum]
1001 3432 1160 3486 aprugnum

147 3483 305 3538 wauceles.
378 3489 411 3538 21
430 3485 481 3538 aui
498 3499 548 3539 om.
622 3489 656 3538 25
675 3483 742 3540 labe.
