2422 3878
522 161 558 169 -
608 124 761 188 206-

78 303 112 352 91
222 287 265 346 Ad
290 286 485 364 digestionem
504 286 678 364 parandam:
702 285 833 364 luniperi
851 285 992 346 bacarum
1011 285 1152 347 enuclea·

131 384 229 436 tarum
249 382 279 435 et
296 374 457 453 zingiberis
476 384 506 434 et
524 374 691 452 petrosilini
708 374 892 435 Macedonici
912 382 943 434 11
960 376 1076 454 piperis
1097 394 1152 436 un-

132 466 193 524 cias
212 463 351 543 singulas,
370 463 466 523 mellis
485 463 591 523 libram
611 481 708 524 unam.
741 462 822 533 Quae
842 471 912 524 sunt
931 465 1019 543 sicca,
1038 463 1151 525 tundes

131 551 177 612 vel
204 560 283 612 teres
312 559 342 612 et
370 551 515 611 cribrabis
542 551 712 631 diligentem
741 559 844 629 postea
873 552 931 612 mel
954 560 1090 632 coctum,
1120 553 1151 613 id

131 648 177 701 est
189 641 407 719 despumatum,
426 639 604 700 admiscebis
619 647 649 700 11
665 642 760 700 uteris
774 640 968 700 medicamine
983 648 1013 701 et
1028 643 1151 702 ieiunus
1164 659 1177 699 a

133 737 162 790 11
180 739 248 809 post
267 747 371 789 cenam
390 746 444 806 per
463 729 596 789 cocleare
616 738 737 808 accepto
758 738 901 808 quantum
921 731 960 789 sit
973 730 1150 808 magnitudo

132 817 280 879 avellanae
303 819 433 877 maioris.

77 922 111 971 91
219 906 264 965 Ad
288 906 432 966 stomachi
455 905 587 966 dolorem
610 909 642 966 in
665 907 780 984 impetu
803 906 1017 968 cohibendum:
1043 905 1151 968 Pomo-

131 1013 199 1055 rum
223 995 423 1073 cydoneorum
446 1003 545 1055 cutem
569 994 656 1055 tolles
679 1002 768 1073 atque
791 995 861 1055 inde
883 995 994 1055 -llll
1017 1004 1048 1055 et
1067 996 1151 1075 pulei

134 1084 220 1162 -1,
249 1085 362 1161 piperis
386 1084 474 1164 -1,
502 1082 662 1162 zingiberis
684 1117 728 1126 -
747 1083 799 1164 lll,
830 1083 884 1144 alei
910 1083 1013 1144 Gallici
1039 1116 1078 1125 -
1102 1083 1152 1165 111,
1165 1101 1186 1140 n

131 1171 228 1232 mellis
251 1171 404 1252 selibram,
433 1174 510 1233 aceti
537 1172 617 1250 quod
645 1172 773 1255 sufficiat
801 1172 911 1232 adicies
935 1181 965 1233 et
989 1172 1151 1251 diligenter

131 1262 202 1320 trita
225 1263 323 1320 omnia
345 1261 541 1338 permiscebis
564 1268 653 1339 atque
676 1261 746 1321 inde
770 1261 903 1321 cocleare
922 1263 1044 1341 plenum
1064 1261 1151 1322 dabis

132 1351 220 1410 etiam
244 1349 350 1410 cibato.

79 1452 112 1501 91
220 1439 394 1499 Antidotum
417 1438 598 1499 acharistum
620 1436 777 1516 multiplex
800 1439 908 1498 mirum
932 1437 1004 1498 facit
1026 1438 1063 1498 ad
1088 1457 1151 1519 eos,

132 1529 184 1606 qui
212 1545 309 1588 escam
338 1546 397 1587 non
421 1527 560 1605 digerunt
583 1533 614 1586 et
637 1527 689 1605 qui
712 1525 786 1587 male
809 1533 943 1606 ructant,
973 1534 1003 1587 et
1026 1527 1064 1587 ad
1089 1537 1149 1588 sto·
1164 1543 1186 1583 n

131 1615 229 1676 machi
257 1615 389 1675 dolorem
416 1615 504 1676 etad
528 1614 630 1674 lateris
654 1624 684 1675 et
707 1617 838 1675 vessicae
862 1622 893 1675 et
915 1617 1032 1675 renium
1058 1616 1151 1677 mole·

131 1707 205 1765 stias
228 1712 258 1764 et
281 1704 317 1764 ad
341 1706 449 1783 omnia,
473 1722 547 1783 quae
570 1705 698 1764 interius
724 1722 829 1764 causas
852 1703 944 1765 malae
967 1703 1150 1766 valetudinis

132 1793 254 1872 babent,
282 1793 312 1852 id
341 1800 387 1852 est
415 1791 450 1851 ad
479 1799 608 1872 scotum,
636 1792 672 1851 ad
696 1791 811 1852 febrem
834 1792 1011 1853 cotidianam
1034 1801 1067 1852 11
1090 1801 1150 1854 ter·

132 1883 241 1941 tianam
266 1889 296 1941 et
319 1888 507 1961 quartanam,
529 1880 567 1941 ad
591 1882 765 1959 sanguinem
789 1883 965 1961 tussientes,
988 1881 1025 1940 ad
1050 1885 1149 1960 suspi-

132 1973 242 2049 riosos,
265 1969 302 2030 ad
327 1970 523 2049 dysintericos
546 1977 576 2029 et
599 1969 635 2030 ad
655 1969 765 2030 colicos
788 1978 818 2030 et
842 1970 878 2030 ad
902 1972 1032 2048 epaticos
1057 1979 1089 2031 et
1112 1971 1186 2031 1111

132 2061 253 2118 nimiam
271 2058 400 2136 vigiliam
420 2059 503 2119 etad
523 2058 650 2118 strolum
670 2066 700 2118 et
719 2059 755 2118 ad
769 2060 980 2120 intestinorum
999 2057 1150 2142 dolorem3
1180 2134 1183 2139 .

132 2164 265 2206 morsum
288 2149 376 2206 etiam
401 2149 549 2226 serpentis
573 2154 658 2207 curat
681 2155 727 2207 ter
745 2147 781 2206 ad
801 2147 881 2207 diem
899 2145 1017 2207 vulneri
1034 2149 1150 2225 inposi-

131 2242 195 2294 tum
214 2233 261 2293 vel
278 2237 364 2311 potui
382 2234 497 2314 datum3
521 2235 668 2295 confectio
687 2235 760 2296 baec
779 2244 838 2296 est:
862 2235 1048 2296 Cinnamomi
1069 2269 1110 2280 --
1130 2237 1150 2319 Ι,

132 2340 248 2401 myrrae
274 2355 312 2364 —
333 2321 387 2401 ΙΙΙ,
410 2325 522 2401 piperis
548 2356 587 2364 -
607 2323 633 2402 1,
657 2326 785 2384 castorei
808 2326 1004 2404 semunciam,
1027 2323 1151 2403 galbani

131 2443 175 2453 -
193 2411 219 2491 Ι,
243 2412 367 2470 storacis
392 2443 432 2453 -—
452 2411 479 2491 Ι,
502 2413 599 2472 casiae
621 2412 738 2473 fistulae
761 2415 797 2494 c,
820 2415 933 2492 piperis
956 2411 1037 2490 longi
1065 2447 1103 2456 —
1127 2415 1150 2496 1,
1163 2428 1186 2469 rs

16 2499 19 2502 ’
131 2501 208 2559 costi
231 2532 273 2541 -
292 2498 318 2577 Ι,
342 2501 402 2577 opii
425 2497 462 2580 1,
488 2501 587 2579 spicae
610 2500 751 2580 11111111,
775 2503 856 2561 croci
879 2499 911 2582 1,
934 2500 1030 2560 mellis
1055 2503 1152 2564 Attici

131 2586 161 2648 ἃ
181 2587 201 2648 Ι.
244 2587 348 2649 Omnia
371 2590 428 2648 ista
451 2589 559 2649 tundes
583 2589 741 2668 diligenter
769 2598 799 2650 et
827 2608 933 2650 cernes
959 2588 1037 2649 bene
1062 2598 1093 2651 et
1119 2594 1151 2652 in

66 2753 68 2756 y
129 2677 282 2756 pulverem
310 2677 518 2738 mollissimum
545 2678 665 2738 redacta
690 2678 877 2740 mensurabis
899 2685 1020 2757 praeter
1044 2681 1151 2757 opium

130 2774 160 2827 et
183 2767 353 2848 galbanum3
377 2767 535 2844 galbanum
558 2769 589 2826 in
613 2765 669 2826 olla
693 2784 768 2826 nova
792 2785 951 2846 excoques,
976 2769 1018 2826 ita
1042 2776 1078 2829 ut
1102 2777 1152 2830 ter

130 2856 234 2917 bulliat
257 2874 348 2934 super
370 2873 492 2936 prunas,
515 2856 617 2932 opium
640 2862 740 2916 autem
763 2873 831 2915 cum
855 2857 923 2915 vino
943 2864 1045 2916 vetere
1065 2865 1184 2918 teresse

130 2954 159 3005 et
182 2944 377 3024 permiscebis
401 2944 559 3023 diligenter
587 2951 703 3004 111111
728 2951 827 3004 cetera
853 2963 920 3005 cum
945 2943 1032 3004 melle
1058 2946 1151 3007 simul

131 3037 229 3093 omnia
255 3032 451 3112 permiscebis
480 3034 530 3093 diu
560 3042 590 3092 et
617 3032 775 3111 diligenter
803 3033 911 3111 agitata
940 3041 971 3092 11
998 3034 1150 3096 recondes

131 3120 185 3180 sub
206 3120 356 3198 signaculo
376 3123 406 3180 in
425 3122 532 3201 pyxide
549 3121 647 3182 buxea
666 3125 760 3181 11111
775 3121 891 3181 doleolo
906 3122 1000 3181 vitreo
1015 3128 1048 3181 et
1063 3122 1150 3184 dabis

131 3210 180 3268 cui
208 3208 336 3269 volueris
365 3208 401 3267 ad
430 3209 550 3269 modum
578 3208 725 3269 avellanae
753 3228 823 3270 cum
847 3209 944 3270 mellis
966 3210 1149 3274 cocliaribus

221 3414 403 3485 6111111111]
428 3415 534 3483 quanta
558 3413 718 3469 Oorucrius.
829 3420 861 3468 1⁷
882 3413 1058 3472 volidudinis
1077 3419 1148 3488 (sic).

130 3489 165 3538 20
183 3483 381 3542 dissinterioos.
454 3488 489 3539 25
509 3485 654 3540 storcchis.
727 3492 761 3541 33
779 3485 884 3555 pixide.
