2422 3878
527 139 769 204 —204-

92 318 125 367 tt
145 303 262 363 Urticae
293 335 330 344 -
357 302 410 382 ΙΙΙ,
442 304 496 362 iris
525 301 692 362 Calidoniae
723 335 761 344 -
791 300 845 380 ΙΙΙ,
875 300 997 361 schoeni
1027 334 1066 346 -
1098 301 1161 384 ΙΙΠ,

145 390 311 470 cyperi'-
331 390 383 473 ΙΙΙ,
411 409 543 469 magmae
570 425 607 433 -
628 390 682 470 lll,
708 389 876 470 petrosilini
901 423 939 433 —
964 389 1032 471 llll,
1060 390 1160 451 inulae

144 513 188 522 -
207 479 242 559 ΙΙ,
264 482 378 558 piperis
401 479 460 540 albi
485 513 522 521 —
543 478 578 539 ΙΙ.
620 479 706 539 Melle
731 477 850 556 colliges
874 477 946 538 haec
971 481 1069 538 omnia
1091 481 1162 540 trita

145 576 175 629 et
193 571 288 629 uteris
307 571 448 647 oxyporio
468 570 579 646 optimo
599 568 635 628 ad
655 566 858 646 digerendum,
875 567 954 627 unde
969 570 1059 627 etiam
1075 586 1162 628 cena·

92 670 125 719 ‘18
146 667 195 718 tus
223 675 328 736 parum
356 658 491 737 accipies.
538 656 611 717 Cum
639 665 669 717 te
694 656 825 716 inlecto
850 658 999 737 posueris,
1024 665 1187 717 ventrema

145 754 229 807 tuum
249 745 414 824 perfricans
433 746 514 806 dices
533 753 592 811 ter:
615 744 717 825 Lupus
739 745 800 805 ibat
819 761 872 822 per
891 746 977 825 viam,
999 762 1053 822 per
1073 747 1164 806 semi·

146 844 214 908 tam,
238 834 330 894 cruda
353 833 482 913 vorabat,
504 833 617 912 liquida
639 833 772 913 hibebat3
798 833 953 911 physicum
977 832 1034 892 hoc
1058 832 1097 893 ad
1121 834 1164 894 di-

95 936 128 984 79
149 922 312 1001 gerendum
336 922 372 982 de
396 925 599 1001 experimento
623 925 695 982 satis
718 922 800 983 utile.
835 920 971 981 Puleium
995 928 1025 981 et
1044 930 1164 983 nastur-

149 1014 228 1071 cium
252 1029 288 1070 cx
312 1029 387 1089 aqua
410 1010 497 1071 simul
521 1010 677 1071 decoctum
700 1028 786 1070 mane
809 1009 891 1090 hibe,
919 1008 1093 1070 emendabis
1117 1011 1166 1070 vel

93 1112 128 1162 80
148 1099 290 1159 discuties
310 1099 495 1160 cruditatem.
533 1098 668 1169 Quercus
682 1099 785 1159 viridis
800 1098 867 1158 folia
883 1117 951 1158 cum
967 1098 1037 1158 salis
1056 1116 1200 1178 spumam

94 1200 127 1248 81
148 1189 276 1247 contrita
300 1196 329 1247 et
348 1189 432 1266 potui
451 1187 517 1247 data
537 1188 702 1248 remediant
720 1187 906 1248 cruditatem.
936 1186 1067 1247 Acorum
1087 1187 1166 1248 Pon-

147 1277 239 1336 ticum
264 1278 366 1336 tritum
391 1295 427 1336 ex
450 1294 526 1354 aqua
549 1276 644 1337 calida
666 1284 769 1354 potum
793 1294 933 1336 mensura
952 1276 1050 1355 cyathi
1073 1280 1165 1338 unius

147 1365 241 1424 ieiuni
265 1364 449 1425 stomachum
473 1365 569 1425 reiicit
592 1365 738 1425 cruditate
763 1364 893 1444 depulsa.

95 1465 128 1514 82
236 1451 300 1531 llis,
319 1455 370 1531 qni
388 1471 444 1513 nce
458 1463 531 1532 potu
545 1456 685 1513 iuvantur
699 1472 755 1513 nec
771 1454 837 1513 cibo
853 1460 882 1513 et
897 1452 1043 1513 stomachi
1056 1464 1166 1516 ructus

148 1559 263 1601 amaros
286 1544 450 1621 patiuntur,
474 1550 672 1622 centauream,
696 1541 725 1602 id
750 1551 797 1602 est
814 1541 854 1602 fel
873 1551 979 1622 terrae,
1003 1545 1166 1604 contritam
1179 1556 1201 1596 1⁵

148 1631 184 1689 ad
199 1626 369 1689 mensuram
384 1630 498 1690 denarii
512 1633 645 1708 argentei
659 1649 694 1690 ex
709 1649 802 1709 aquae
817 1630 928 1691 calidae
939 1630 1052 1709 cyathis
1064 1632 1165 1692 trihus

148 1717 305 1778 bibendam
323 1720 431 1778 ieiunis
449 1720 650 1796 pertriduum
665 1718 757 1793 dabis,
777 1721 875 1779 statim
890 1718 1069 1779 discutietur
1084 1722 1166 1781 infir·

95 1818 128 1866 88
148 1810 243 1867 milas.
268 1806 380 1866 Sucum
395 1806 532 1887 absinthi,
548 1826 635 1886 quern
650 1807 756 1868 Graeci
769 1807 876 1886 chylon
887 1806 1038 1868 absinthiu
1048 1817 1168 1886 vocant,

149 1895 295 1955 avellanae
324 1896 526 1973 magnitudine
554 1899 585 1955 in
614 1914 707 1975 aquae
736 1895 846 1956 calidae
868 1898 1029 1974 'quartario
1059 1896 1165 1958 hiben-

149 1985 219 2045 dum
243 1985 280 2044 da
298 1986 412 2066 ieiuno,
432 1992 628 2063 componetur
651 1984 821 2045 stomachus
845 1991 875 2044 et
898 1985 1100 2063 adpetentiam
1125 1989 1164 2047 ci·
1178 1999 1201 2039 2⁰

148 2073 256 2133 horum
278 2072 412 2154 habebit,
436 2075 570 2151 quisquis
594 2075 724 2151 patietur
747 2091 784 2133 ex
806 2074 977 2133 infirmitate
1001 2073 1165 2136 fastidium.

95 2172 130 2220 84
239 2160 420 2239 Oxyporinm
443 2164 553 2222 mirum
576 2161 778 2221 Neronianum
801 2164 945 2222 aestivum
974 2169 1004 2222 et
1026 2161 1166 2245 hiemale,

149 2250 222 2307 sici
242 2266 309 2307 cum
329 2247 459 2309 volueris
477 2252 589 2328 piperis
609 2249 719 2328 aliquid
737 2245 892 2331 adieceris,
911 2251 990 2329 quod
1010 2251 1166 2313 fastidium

150 2335 294 2396 stomachi
317 2354 541 2415 marcoremquc
566 2337 707 2419 detergit,
735 2339 892 2400 coniicitur
921 2342 976 2400 sic:
1008 2339 1043 2398 ln
1071 2332 1166 2401 musti

149 2426 279 2484 recentis
303 2431 333 2484 et
357 2424 452 2486 dulcis
471 2428 576 2504 congio
596 2446 631 2487 ex
651 2430 715 2488 uris
734 2427 808 2487 albis
828 2428 899 2488 lacti
917 2436 1005 2506 atque
1023 2430 1056 2487 in
1075 2429 1166 2490 ollam
1179 2443 1202 2484 2⁵

149 2513 291 2590 grandem
314 2516 399 2574 missi
421 2515 571 2576 adduntur
594 2517 724 2596 cydonea
747 2515 771 2574 V
795 2534 855 2576 non
878 2524 1003 2595 purgata
1025 2518 1165 2579 totidem·

151 2620 208 2680 que
231 2602 306 2662 mala
330 2603 454 2685 Punica,
482 2604 601 2665 additur
624 2612 654 2665 et
677 2603 835 2664 sorborum
857 2612 1044 2665 maturornm
1068 2615 1165 2668 sexta·

150 2693 213 2751 rius
238 2699 267 2752 et
290 2692 363 2753 rhus
388 2693 501 2772 Syriaci
525 2696 685 2771 sextarius,
708 2694 791 2753 croci
813 2693 971 2772 scripulus.
1012 2693 1093 2754 Haec
1118 2715 1166 2756 co·

150 2791 284 2860 qrrnntur
307 2801 403 2861 usquc
427 2783 463 2842 ad
487 2781 716 2842 crassitudinem
739 2780 848 2863 mellis,
878 2790 981 2861 postea
1004 2782 1166 2861 diligenter

150 2872 299 2951 colantur,
318 2874 483 2950 repositum
502 2870 686 2931 medicamen
705 2877 840 2931 servatur
857 2872 889 2930 in
908 2872 984 2931 vitro
1004 2874 1165 2954 signatum,
1178 2888 1201 2928 co

151 2961 203 3019 sed
227 2963 347 3020 omnino
371 2960 529 3038 diligenter
552 2959 694 3040 colatum,
721 2966 756 3020 ut
783 2968 972 3020 excrementa
995 2964 1095 3021 omnia
1120 2981 1165 3023 se-

149 3057 308 3130 parentur,
331 3048 401 3109 inde
425 3049 512 3110 datur
534 3050 634 3109 ieiuno
657 3048 746 3127 ligula
766 3047 852 3126 plena
871 3048 999 3126 grandis.
1034 3048 1098 3110 Hoc
1119 3060 1165 3112 est

151 3139 334 3215 oxyporinm,
354 3137 433 3215 quod
452 3138 530 3197 Nero
550 3137 690 3198 utebatur
708 3137 745 3197 ad
764 3137 969 3217 digestionem,
988 3137 1068 3216 quod
1087 3138 1164 3200 Mar·

151 3221 243 3283 cellns
266 3223 399 3286 medicus
422 3227 561 3303 egregius
585 3225 722 3305 ostendit,
747 3225 825 3303 qnod
850 3233 880 3286 et
902 3243 957 3285 nos
980 3244 1037 3286 usu
1057 3227 1164 3304 proba·

242 3427 441 3484 loalidoniee.
515 3429 617 3485 scoeni.
695 3428 818 3484 tbibat.
896 3430 1163 3500 8experimentum.

152 3505 183 3554 13
203 3500 310 3556 refecit.
385 3504 418 3554 18
436 3498 603 3555 absentium.
666 3506 700 3556 28
719 3503 748 3556 eb
765 3501 843 3572 rhus]
863 3500 961 3555 tribus.
1017 3503 1164 3573 soripolus.
