2422 3878
547 137 765 202 ..gg-

98 301 247 362 159Nardi
276 299 371 359 Indici
401 299 446 359 vel
477 300 590 379 Syriaci
617 318 653 359 ex
681 302 748 359 vino
777 307 877 359 vetere
908 301 972 358 triti
1004 301 1164 378 siccatique

153 389 249 469 pulvis
268 392 323 466 pro
342 387 537 468 xerocollyrio
556 388 652 449 oculis
675 389 822 467 inpositus
847 386 1023 447 mirabiliter
1044 388 1164 466 prodest

98 491 149 541 160
157 478 193 538 ad
213 477 395 538 valetudines
415 496 506 556 supra
524 480 659 555 scriptas.
683 475 740 536 Mel
759 477 903 554 optimum
918 475 1120 557 despumabis,
1134 485 1164 538 ut

150 566 226 627 bene
250 585 359 646 purum
384 568 431 645 sit,
455 574 484 626 et
508 565 685 626 admiscebis
708 567 774 644 pari
797 582 936 624 mensura
955 582 1064 624 sucum
1083 574 1163 626 rutae

150 665 179 715 et
207 654 318 714 herbae
348 653 531 714 chelidoniae
559 664 649 732 atque
678 653 713 713 ad
743 655 846 713 tertias
872 653 1021 731 decoques
1046 662 1077 713 et
1100 668 1185 714 cuma

151 746 248 803 omnia
272 743 348 803 bene
372 745 595 822 permiscueris,
618 745 650 802 in
674 741 801 820 ampulla
825 743 918 802 vitrea
938 741 993 802 sub
1015 742 1163 821 signaculo

150 831 282 892 servabis
311 838 341 890 et
369 833 463 891 uteris
484 833 567 890 miro
591 831 786 891 medicamine
810 830 846 890 ad
870 829 993 890 scabros
1017 838 1048 890 et
1072 831 1163 911 lippos

149 920 251 981 oculos
276 920 472 997 inungendos.
519 919 606 980 ltem
630 919 669 978 ad
694 918 881 980 oculorum
905 937 1031 980 causas
1056 938 1162 980 reme·

150 1009 206 1069 dia
235 1009 385 1087 physica
410 1015 444 1068 et
467 1007 702 1068 rationabilia
726 1009 880 1087 diversa,
909 1007 942 1067 id
971 1017 1027 1068 est
1051 1008 1162 1071 oculis

149 1100 224 1160 ictu
249 1097 358 1157 laesis
383 1106 417 1158 et
441 1098 471 1157 si
495 1097 580 1176 quid
600 1095 721 1156 subito
742 1114 801 1155 eos
822 1096 938 1156 luerit
956 1098 1193 1174 ingressumll

149 1195 184 1247 et
207 1187 396 1246 adversum
421 1186 608 1245 molestias
631 1184 788 1263 pilorum
812 1192 846 1244 et
869 1184 907 1244 ad
929 1185 1115 1264 aegilopas
1133 1195 1162 1246 et

149 1275 190 1335 ad
214 1273 425 1354 nyctalopas
444 1283 480 1334 et
498 1274 539 1334 ad
558 1273 716 1352 varulos,
739 1274 848 1333 idest
871 1273 1066 1334 bordeolos
1086 1293 1161 1336 ocu-

149 1364 195 1423 lis
219 1365 389 1442 iniestos,
418 1362 473 1423 his
505 1363 646 1423 additae
671 1361 763 1422 inlra
787 1361 1024 1441 collyriorum
1048 1363 1161 1425 diver·

96 1463 272 1513 luteorum
297 1452 558 1512 conlectiones,
595 1451 790 1528 Quocumque
809 1453 872 1510 ictu
890 1449 988 1511 laesus
1012 1451 1118 1513 oculus
1140 1455 1162 1512 si

150 1541 394 1620 sanguinolentus
409 1540 566 1619 videbitur,
585 1538 775 1617 palumbinus
795 1541 823 1599 ei
838 1538 882 1599 vel
897 1539 1028 1617 perdicis
1043 1540 1091 1601 vel
1106 1550 1161 1602 tur·
1173 1553 1191 1594 1⁵

150 1633 226 1690 turis
242 1633 371 1709 sanguis,
389 1637 440 1690 aut
455 1632 480 1689 si
494 1629 567 1689 haec
581 1627 716 1687 animalia
731 1645 791 1687 non
810 1637 906 1707 erunt,
925 1627 1116 1690 columbinus
1130 1629 1162 1689 de

98 1721 244 1798 loupinna
259 1718 392 1779 sublatus
407 1720 516 1797 statim,
534 1717 564 1777 id
580 1724 625 1776 est
639 1715 735 1776 adbuc
750 1715 857 1794 calens,
876 1716 1060 1777 infundatur,
1085 1718 1162 1779 Bitu·

150 1810 238 1889 mine,
260 1806 402 1885 sulphure
422 1813 452 1866 et
470 1813 537 1866 ture
557 1807 712 1884 permixtis
729 1805 830 1865 oculos
845 1806 907 1865 ictu
922 1803 1017 1865 laesos
1033 1807 1162 1868 suliumi·

97 1904 229 1975 tsagato,
249 1897 348 1955 statim
368 1893 495 1977 sanabis,
514 1896 540 1954 si
559 1894 733 1972 frequenter
752 1893 782 1954 id
801 1893 916 1955 leceris.
948 1892 1057 1976 Herba,
1078 1914 1160 1974 quam

149 1985 253 2045 Graeci
273 1982 476 2062 sarcocollam,
501 2001 555 2043 nos
579 1984 778 2060 argemoniam
802 1981 992 2063 appellamus,
1016 1985 1043 2043 si
1062 1985 1190 2044 viridisu

149 2074 214 2150 erit,
234 2074 312 2151 trita,
332 2072 377 2130 sin
398 2071 487 2150 arida,
511 2070 604 2131 calida
623 2090 698 2149 aqua
718 2078 873 2151 macerata,
892 2090 951 2150 quo
971 2071 1089 2133 facilius
1109 2075 1160 2134 teri

148 2162 251 2239 possit,
266 2159 348 2220 inlita
363 2158 457 2219 oculis
472 2159 673 2239 sugillationes
687 2159 855 2239 livoresque
870 2178 975 2221 eorum
989 2169 1107 2222 mature
1122 2162 1159 2222 di·

99 2262 149 2312 164
156 2251 254 2308 scutit.
289 2248 438 2325 Sanguine
458 2247 626 2308 hirundinis
645 2252 758 2309 recenti
774 2267 808 2309 ac
824 2250 922 2327 tepido
937 2252 1081 2311 inunctus
1096 2269 1160 2312 oco·

96 2337 198 2401 italus
218 2338 280 2397 ictu
298 2336 397 2396 laesus
421 2344 450 2396 et
473 2355 579 2397 cruore
598 2338 731 2398 suiiusus
750 2339 849 2397 statim
868 2337 1030 2399 sanabitur.
1070 2339 1159 2400 naun

149 2433 232 2486 rutae
252 2427 322 2485 trita
337 2432 367 2485 et
380 2425 463 2485 inlita
478 2426 572 2486 oculis
587 2443 694 2486 cruore
710 2425 830 2487 sullusis
845 2427 933 2485 etiam
948 2445 1121 2489 commansa
1135 2436 1160 2489 et
1171 2439 1189 2479 25

149 2514 270 2574 adsidue
285 2515 380 2592 posita
394 2513 555 2592 plurimum
570 2513 706 2593 prodest3
722 2515 822 2574 vinum
835 2532 962 2596 quoque,
978 2517 1008 2575 in
1024 2536 1085 2595 quo
1099 2526 1160 2579 ruta

97 2603 203 2666 taedia
217 2603 308 2663 luerit
323 2611 477 2682 macerata,
492 2601 706 2664 rationabiliter
719 2602 893 2663 infunditur.
916 2602 1051 2665 Mulieris
1063 2608 1161 2685 primi·

149 2711 236 2771 parac
255 2710 348 2772 purae
367 2710 401 2752 ac
420 2692 531 2752 nitidae
550 2692 639 2751 saliva
653 2692 761 2751 ieiunis
776 2691 916 2752 instillata
930 2692 1025 2753 oculis
1040 2693 1162 2756 livorem

97 2795 146 2845 167
154 2782 406 2860 suffusionemque
426 2779 587 2859 quamlibet
601 2786 755 2840 cruentam
771 2780 932 2841 eliicaciter
946 2781 1059 2844 adimit.
1092 2783 1162 2844 Her·

148 2871 202 2932 bae
222 2873 387 2932 vettonicae
407 2869 474 2929 lolia
498 2878 578 2930 teres
603 2875 633 2928 et
652 2868 720 2928 salis
743 2870 808 2928 triti
831 2869 981 2930 modicum
1004 2870 1117 2934 adicies
1135 2881 1192 2933 eta

148 2979 238 3038 super
262 2961 322 3020 ictu
347 2957 518 3038 perculsum
542 2957 588 3016 vel
610 2956 767 3018 cruoribus
789 2957 935 3018 suffusum
954 2959 1076 3021 oculum
1095 2981 1162 3022 con·

147 3047 265 3126 ligabis,
289 3048 364 3106 mire
388 3046 535 3126 proderit3
559 3064 626 3106 nam
645 3046 762 3125 quando
787 3048 815 3105 ei
837 3047 867 3106 id
891 3046 1024 3128 solveris,
1048 3050 1162 3111 videbis

148 3153 184 3194 ex
209 3153 243 3193 eo
268 3137 442 3212 sanguinem
467 3134 628 3214 destillare,
656 3137 696 3194 ita
725 3152 843 3194 ornnem
871 3153 990 3197 causam
1019 3140 1162 3199 extrahet.

98 3222 231 3285 1aaLana
256 3221 358 3283 sucida
386 3223 548 3283 madefacta
577 3223 641 3282 oleo
665 3224 792 3301 vinoque
821 3226 966 3303 permixto
995 3244 1029 3286 ac
1058 3235 1163 3306 tepens

149 3311 242 3371 oculis
278 3312 465 3388 superposita
498 3312 608 3388 optime
646 3312 715 3370 vitia
747 3330 838 3391 supra
871 3315 982 3392 scripta
1014 3324 1162 3392 persanat.
1176 3330 1198 3370 ³5

220 3503 254 3553 33
274 3497 412 3554 distillare
433 3499 593 3554 Carnarius.
