2422 3878
489 136 727 201 -302-

488 316 567 376 CAP.
592 313 732 376 XXVIIII.

101 431 156 487 Ad
175 429 291 486 colum
309 431 344 486 et
362 429 406 484 ed
423 427 515 482 ileon
532 428 684 483 remedia
696 425 838 496 physica
856 427 891 481 et
903 425 1127 484 rationabilia

371 515 505 572 diversa
527 517 570 571 de
594 514 845 586 experimentis.

66 668 80 715 1
190 655 269 715 Beue
293 654 364 714 lacit
387 652 423 712 ad
447 651 536 732 ileon,
560 652 639 731 quod
659 652 763 712 vitium
783 658 828 711 est
846 649 960 711 inflatio
979 655 1125 714 tenuium

102 745 321 822 intestInorum,
344 739 459 819 galbani
483 739 508 799 x
532 742 664 801 semissis
688 738 856 820 devoratus,
880 739 932 800 sed
956 741 989 800 in
1012 741 1125 820 pilulas

102 832 213 892 divisus
242 830 315 890 duas
343 828 389 889 vel
416 836 498 910 tres,
526 837 624 890 movet
652 829 731 888 euim
759 835 878 888 ructum
907 835 937 888 et
963 830 1125 891 Interdum

102 918 193 979 delcit
214 924 336 978 ventum
360 917 500 978 deorsum
523 925 613 997 atque
635 919 676 978 ita
698 916 828 995 prodest.

66 1020 81 1066 2
189 1005 234 1066 le
257 1006 337 1066 idem
360 1008 465 1066 vitium
488 1006 612 1066 mirifice
636 1005 759 1085 prodest
780 1005 837 1065 hoc
856 1004 1148 1088 medicamentum,o

102 1094 172 1154 iacit
200 1101 299 1154 autem
328 1101 358 1155 et
385 1094 421 1154 ad
449 1093 551 1155 lateris
579 1093 711 1155 dolorem
739 1100 769 1153 et
796 1093 833 1153 ad
859 1111 976 1153 omnem
1002 1103 1123 1173 partem

102 1184 237 1260 eorporis
259 1184 424 1262 interioris,
454 1184 562 1260 accipit
589 1183 676 1243 haec:
712 1180 805 1241 llauci
832 1183 967 1262 seminis,
996 1187 1123 1261 panacis

101 1270 225 1352 radicis,
246 1272 375 1331 castorei
397 1272 479 1349 paria
502 1270 642 1350 pondera,
666 1277 749 1330 rutae
774 1268 922 1330 silvaticae
946 1270 1123 1353 dimidium,

102 1361 235 1420 contusis
258 1360 305 1419 his
330 1359 487 1438 speciebus
510 1358 569 1419 meI
590 1359 756 1438 decoctum,
779 1358 858 1436 quod
879 1359 1017 1441 sufficiat,
1043 1362 1123 1422 adici

102 1455 220 1528 oportet
249 1455 338 1526 atque
367 1447 435 1508 iude
462 1446 574 1508 darili
599 1447 729 1526 singulos
753 1454 804 1506 aut
827 1448 976 1508 victoriati
997 1450 1121 1527 pondos
1135 1462 1155 1501 1⁰

102 1555 137 1596 ex
161 1554 254 1616 aquae
278 1536 389 1597 calidae
413 1536 527 1614 cyathis
550 1535 648 1596 tribus
671 1541 723 1595 aut
746 1534 872 1595 duobus.

65 1637 81 1684 3
190 1624 309 1703 Optime
326 1624 397 1685 lacit
411 1624 447 1684 ad
461 1623 539 1683 ileon
553 1623 725 1684 huiusmodi
738 1622 942 1684 medicaminis
957 1642 1014 1702 per
1029 1643 1121 1686 anum

100 1714 244 1773 inmissio,
286 1711 408 1772 Malvam
436 1719 466 1772 et
494 1712 613 1772 faenum
641 1730 781 1790 graecum
807 1729 875 1772 eum
899 1730 974 1790 aqua
998 1721 1122 1791 oportet

100 1801 176 1861 hene
205 1802 295 1879 coqui
322 1807 411 1879 atque
435 1800 504 1860 inde
529 1802 607 1861 sumi
629 1800 786 1860 heminam.
828 1798 901 1860 Item
925 1801 956 1859 in
981 1799 1049 1862 oIeo
1074 1820 1119 1862 se·

100 1889 242 1949 cundarIo
268 1890 430 1966 incoquere
458 1895 556 1949 rutam
584 1888 675 1949 debes
699 1887 968 1966 quamplurimam
992 1896 1024 1949 et
1048 1890 1119 1951 hinc
1134 1901 1156 1942 1⁵

99 1979 249 2039 heminam
277 1977 402 2038 calidam
430 1976 546 2038 adicere
574 1978 669 2056 priori
694 1994 796 2054 aquae.
838 1976 953 2047 Quibus
978 1980 1120 2057 utrisque

101 2066 259 2127 admisceri
281 2067 420 2127 convenit
442 2066 580 2126 afronitri
603 2066 785 2126 semunciam
814 2066 907 2125 etita
930 2083 985 2142 per
1008 2065 1119 2146 clyste-

101 2172 165 2214 rem
192 2155 320 2214 caIidum
343 2153 526 2214 medicamen
549 2155 669 2215 inmitti.
710 2152 772 2213 Hae
795 2170 849 2230 ego
873 2155 1033 2214 Iniectioue
1059 2157 1118 2215 iam

101 2250 218 2302 stereus
246 2259 300 2320 per
328 2259 361 2301 os
391 2242 547 2302 eicientem
572 2241 733 2322 quendam,
761 2241 841 2320 quod
870 2243 986 2320 siguum
1012 2245 1118 2304 morti·

100 2330 198 2389 ferum
230 2336 292 2406 est,
325 2330 432 2390 sanavi.
478 2328 532 2388 Est
564 2336 664 2389 autem
690 2330 795 2390 vitium
827 2330 1118 2408 periculosissimum
1132 2344 1156 2383 2⁰

100 2417 174 2477 ileos
198 2423 227 2476 et
249 2416 306 2477 hoc
331 2416 397 2477 ideo
419 2418 498 2477 iuter
517 2420 676 2496 praecipua
696 2417 826 2478 remedia
845 2419 989 2498 refertur3
1014 2438 1118 2498 quam·

101 2505 204 2566 obrem
228 2523 295 2566 cum
319 2522 424 2582 magna
445 2505 552 2566 fiducia
572 2506 629 2566 hoc
648 2524 742 2584 genus
761 2507 826 2566 vitii
843 2505 900 2566 hoe
919 2506 1118 2569 medicamine

102 2593 264 2654 sanandum
288 2594 411 2672 adgredi
433 2593 585 2655 debemus.

65 2695 83 2743 4
190 2683 234 2743 Ad
258 2682 315 2744 ooli
338 2682 521 2744 inflationem
544 2682 621 2742 hene
644 2683 715 2742 facit
737 2684 847 2762 cymini
866 2682 992 2743 silvatici
1011 2701 1117 2746 semen

100 2790 154 2850 per
182 2790 214 2832 se
242 2780 275 2832 ut
304 2781 349 2832 est
376 2771 478 2833 datum
508 2773 613 2832 tritum
646 2778 789 2849 quantum
823 2772 960 2832 cocliaria
993 2773 1051 2832 tria
1086 2775 1117 2833 iu
1130 2781 1154 2822 ²⁶

101 2879 194 2939 aquae
218 2861 329 2922 calidae
353 2861 466 2940 cyathis
491 2866 640 2939 quattuor.

65 2961 81 3009 5
189 2949 262 3009 Nam
291 2949 374 3010 Cassi
402 2949 510 3010 medici
537 2946 630 3008 colice
651 2963 727 3007 'vera
760 2948 861 3008 multis
892 2954 960 3008 uota
990 2957 1118 3028 propter

101 3037 239 3098 effectum
262 3038 335 3098 haec
359 3045 413 3118 est,
436 3044 470 3098 ut
493 3035 529 3096 ab
553 3038 617 3097 eius
641 3053 726 3096 servo
750 3035 875 3096 Admeto
897 3038 999 3113 accepi
1017 3036 1116 3116 legato

101 3123 202 3185 TIberi
224 3125 367 3206 Caesaris,
391 3128 443 3205 qui
467 3143 531 3186 eam
556 3124 661 3185 solitus
683 3131 747 3184 erat
766 3143 946 3203 componere
966 3126 1023 3185 sic:
1047 3126 1116 3204 Apii

101 3215 222 3271 semiuis
246 3216 437 3293 semunciam,
461 3216 542 3274 anesi
566 3214 693 3292 unciam,
716 3215 844 3273 castorei
867 3214 973 3273 unciae
997 3221 1154 3276 senten-eo

191 3421 223 3469 15
243 3414 322 3469 debis
340 3421 389 3470 im
412 3417 497 3471 debes
514 3421 572 3472 2m.
665 3422 698 3471 17
721 3417 840 3472 elistere.
933 3422 968 3472 28
986 3416 1115 3476 Atimeto

99 3486 224 3542 Scribere.
297 3486 396 3555 accipi.
