2422 3878
533 145 751 208 ..20-

281 343 474 405 Cornelius
497 343 622 403 Celsus
645 341 766 402 Pullio
790 341 908 402 Natali
932 360 955 401 e.
979 342 1006 402 d.

105 497 120 544 1
229 486 328 547 Lectis
361 484 479 546 duobus
510 483 594 544 libris
630 485 873 562 compositionum
903 483 1042 558 Graecis,
1074 483 1154 546 Pulli

137 576 257 657 Natalis,
282 592 357 654 quos
381 575 489 634 misisti
508 567 594 651 'milri
616 578 651 633 ut
673 574 704 632 in
727 571 866 633 Latinum
890 590 1060 633 sermonem
1082 592 1153 633 con·

138 674 294 745 verterem,
318 662 446 723 libenter
468 663 556 740 parui
578 669 646 721 tuae
670 661 824 740 voluntati,
848 661 953 740 dignos
976 680 1028 721 eos
1052 663 1153 722 existi·

138 771 236 827 maus,
265 751 374 831 quibus
398 768 518 829 operam
542 748 748 830 inpenderem,
778 750 917 828 quoniam
940 750 1044 828 plenos
1073 749 1152 810 utili·

138 844 209 903 tatis
229 841 365 920 conperi3
388 838 519 917 alioquin
543 856 733 898 excusassem
753 856 813 918 me,
832 841 1019 916 propositum
1037 838 1176 899 babenss

139 929 213 990 nibil
236 947 297 989 non
319 928 441 1007 dignum
467 926 586 987 sublimi
609 926 811 987 Romanorum
833 928 987 987 maiestate
1013 927 1050 988 de
1073 927 1152 988 bono

138 1018 302 1078 medicinae
330 1018 403 1076 artis
431 1015 669 1095 splendidissime
699 1014 831 1076 scribere
858 1015 948 1094 idque
971 1014 1153 1094 perennitati

140 1115 169 1168 et
192 1107 299 1167 litteris
323 1105 470 1165 mandare.
512 1103 639 1164 Habebit
664 1122 735 1182 ergo
763 1112 794 1164 et
816 1122 957 1183 praesens
980 1111 1099 1183 tempus
1123 1113 1152 1166 et

140 1197 240 1256 lutura
267 1195 426 1273 posteritas
455 1196 486 1253 in
515 1192 571 1253 hoc
599 1200 761 1271 perpetuae
795 1192 954 1253 voluntatis
985 1211 1070 1254 meae
1101 1213 1151 1255 cu-

140 1302 250 1363 raeque
270 1284 471 1361 gratissimum
491 1299 607 1359 munau,
629 1280 777 1359 siquidem
795 1280 872 1341 bona
891 1280 1059 1342 valetudine
1079 1282 1153 1343 nibil
1165 1297 1190 1336 10

106 1381 187 1434 aest
210 1372 351 1452 pulcrius.
393 1370 467 1431 Dedi
490 1377 588 1430 antem
612 1388 733 1449 operam
762 1377 903 1448 quantam
929 1372 1028 1450 potui,
1055 1379 1090 1432 ut
1116 1371 1153 1432 ad

141 1461 266 1522 verbum
293 1460 500 1541 transferrem,
529 1477 604 1538 quae
631 1461 662 1518 in
686 1458 807 1519 Graecis
835 1457 1060 1520 medicinalibus
1088 1478 1153 1539 rep·

142 1553 219 1630 peri,
244 1569 298 1610 neo
322 1551 522 1611 necessariam
545 1565 647 1608 curam
673 1546 771 1608 cultus
790 1548 933 1608 orationis
950 1550 1062 1628 putavi,
1085 1551 1172 1629 quia¹

142 1641 254 1700 rectius
282 1639 352 1699 duri
381 1639 579 1717 proprietates
609 1637 763 1696 nominum
791 1636 880 1696 edere
908 1643 938 1696 et
965 1654 1029 1697 rem
1052 1655 1154 1697 veram

142 1727 198 1789 sub
230 1726 390 1787 herbarum
423 1727 648 1804 peregrinarum
675 1724 826 1784 vocabulis
856 1724 1017 1804 explicare.
1054 1724 1154 1786 Unum
1167 1738 1191 1780 15

143 1835 236 1895 genus
259 1815 353 1875 fateor
376 1831 424 1872 me
447 1811 650 1873 translationis
673 1813 710 1873 de
731 1813 877 1873 industria
896 1813 1070 1894 declinasse,
1095 1833 1154 1892 quo

142 1905 204 1964 fere
228 1902 334 1962 Graeci
357 1909 482 1962 utuntur
505 1902 536 1960 in
560 1902 844 1962 medicamentorum
864 1891 1031 1981 scripturis,
1055 1905 1155 1963 omnia

143 1991 179 2051 ad
203 1989 364 2050 secundam
386 2007 544 2068 personam
567 1990 749 2069 derigentes:
773 2009 827 2069 ego
849 1992 968 2051 veroin
987 2009 1076 2051 arsum
1094 2009 1154 2052 mc·

143 2079 391 2157 dicamentorum,
407 2095 482 2155 quae
503 2077 591 2159 edidi,
611 2081 718 2139 ominis
737 2079 808 2139 boni
826 2081 918 2159 gratia
938 2079 1047 2140 nullam
1064 2080 1155 2141 malui

144 2184 232 2246 quam
259 2167 403 2226 infinitam
431 2168 564 2226 inserere
595 2186 767 2248 personam,
799 2169 1064 2248 admoneremque,
1097 2170 1155 2229 uisi
1168 2181 1190 2220 2⁰

144 2263 261 2317 eertum
284 2253 424 2314 haberem
448 2260 477 2314 te
497 2272 558 2315 nou
576 2258 722 2336 ignorare,
745 2274 793 2316 me
811 2256 982 2317 huiusmodi
1001 2255 1081 2317 bona
1098 2259 1154 2318 uti·

108 2345 236 2405 alitatis
264 2344 358 2420 magis
386 2361 474 2421 quam
502 2343 707 2405 delectationis
731 2362 818 2404 causa
843 2347 1007 2423 scripsisse.
1050 2346 1156 2407 Graeci

144 2432 250 2493 medici
265 2431 397 2511 pondera
411 2431 694 2493 medicamentorum
709 2432 745 2492 ad
760 2433 896 2510 dragmas
910 2433 1063 2515 redigunt3
1080 2453 1155 2515 quae

144 2523 215 2600 quia
236 2520 272 2580 ad
297 2520 450 2581 denarium
479 2528 616 2582 nostrum
639 2522 828 2604 conveniunt,
852 2523 1000 2601 octoginta
1024 2525 1104 2583 enim
1125 2531 1156 2584 et

144 2617 285 2688 quattuor
309 2611 339 2669 in
362 2608 467 2669 libram
491 2610 659 2690 incurrunt,
681 2627 736 2688 pro
760 2618 830 2671 nota
853 2609 981 2671 Graecae
1005 2610 1154 2692 dragmae,
1167 2623 1189 2664 2⁶

144 2717 220 2778 quae
237 2707 283 2760 est
298 2697 391 2776 figura
405 2697 472 2757 talis
487 2693 538 2776 <‚
558 2705 656 2758 uotam
672 2698 787 2758 denarii
800 2698 943 2778 Latinam,
964 2717 1053 2778 quam
1067 2702 1156 2780 nosti,

144 2791 240 2871 posui,
263 2788 292 2848 id
317 2795 363 2848 est
385 2786 461 2847 hano
485 2785 519 2864 ll,
543 2794 572 2847 et
595 2787 631 2847 ad
656 2789 719 2847 eius
737 2787 854 2866 pondus
874 2787 1002 2848 Graecas
1020 2787 1157 2867 dragmas

144 2879 270 2958 rediges.
306 2876 344 2938 Et
362 2876 501 2956 quoniam
521 2894 596 2954 quac
616 2875 694 2937 volrri
711 2876 863 2954 praefatus
882 2894 957 2958 sum,
979 2894 1059 2937 nunc
1080 2895 1157 2956 quae

145 2967 297 3027 desideras
320 2964 480 3044 explicabo.

217 3157 235 3205 4
253 3149 397 3220 quoniam]
417 3151 472 3218 am:
492 3171 562 3222 quos
582 3151 741 3208 Coronatus.
833 3151 898 3206 tini
917 3170 961 3206 me
979 3151 1159 3222 propositum

146 3221 264 3277 baberet
275 3221 432 3277 Omnaciue.
480 3228 513 3277 10
528 3223 689 3278 valetudine
698 3227 747 3277 111
761 3222 917 3278 valitudine
926 3229 979 3280 im
1019 3228 1051 3276 11
1068 3240 1159 3291 quan.-

147 3298 208 3349 tum
227 3292 385 3349 Carnarius.
441 3298 476 3346 18
490 3293 647 3362 derigentes
667 3297 716 3347 zm
734 3293 886 3363 dirigentes
900 3300 952 3351 2m
1005 3299 1037 3348 19
1056 3293 1159 3350 omnis.

148 3365 254 3420 nnllam
273 3380 323 3419 om.
378 3362 590 3433 tetragamus.
651 3368 685 3418 25
704 3364 865 3433 draghmae.
928 3370 962 3420 26
981 3375 1006 3420 <
1029 3380 1091 3434 epo:
1111 3365 1159 3421 ·Z·.

147 3441 182 3489 28
200 3434 344 3505 quoniam]
364 3432 419 3504 dni.
510 3440 543 3489 29
562 3433 638 3488 Finit
656 3436 779 3504 epistula
797 3435 878 3490 Celsi.
915 3434 1018 3504 Incipit
1036 3435 1160 3506 epistula

150 3504 306 3561 vindiciani
320 3506 431 3562 comitis
442 3505 644 3562 archiatrorum
658 3505 696 3561 ad
705 3505 935 3561 Valentinianum
949 3506 1159 3576 imperatorem.
