2452 3878
489 139 729 205 -215-

101 305 175 364 teris
204 303 385 382 summatim,
413 301 523 362 adicies
552 304 734 362 semunciam
761 301 920 381 zingiberis
949 308 978 361 et
1001 303 1114 381 piperis

102 393 168 452 triti
190 424 232 433 —
251 389 287 470 ll,
310 389 477 468 petrosilini
503 423 541 432 -
563 389 574 449 l
600 398 630 451 et
653 390 741 451 simul
764 393 874 452 iterum
897 391 1056 470 discoques
1079 409 1114 450 ao

102 487 205 559 postea
228 478 367 539 miscebis
391 479 524 559 mulsam,
548 478 599 539 ubi
623 487 707 539 cocta
731 479 843 539 fuerint
861 479 1001 559 cydonea,
1024 487 1115 558 atque

101 571 142 628 ita
170 570 201 627 in
229 567 347 627 vasculo
374 568 462 627 vitrio
490 567 635 628 recondes
669 576 699 628 et
726 585 795 627 cum
823 585 897 646 opus
926 567 1028 640 fuerit,
1059 586 1115 645 per

72 677 87 718 a
103 656 236 716 cocleare
258 657 377 715 ieiunus
401 656 537 734 accipies.
899 717 921 728 .,

191 743 343 810 Stomachi
363 750 392 803 et
411 745 515 821 capitis
537 742 663 823 dolores,
682 751 795 804 tussam
815 761 934 822 quoque
947 742 1171 822 longasquela't

103 832 303 910 aegritudines
332 838 416 892 curat
444 838 473 891 et
501 832 689 910 dysintericis
717 832 867 911 medetur,
897 831 1116 911 leptopyrexias

104 928 194 999 sanat,
214 919 309 979 dolori
328 923 417 979 etiam
437 919 565 980 laucium
586 928 615 980 et
630 920 796 999 synanchae
811 921 962 981 succurrit
979 919 1037 980 tale
1055 938 1115 980 me·

103 1009 251 1069 dicamen:
278 1007 393 1087 Piperis
418 1007 474 1067 albi
502 1041 539 1050 —
563 1008 629 1086 18,
654 1007 749 1068 mellis
773 1010 863 1069 Attici
889 1041 927 1050 -
949 1007 962 1067 1
981 1008 1014 1088 S,
1039 1009 1117 1068 asari

62 1117 89 1156 ιο
106 1129 144 1139 -
160 1095 182 1176 l,
199 1099 373 1176 vettonicae,
393 1095 564 1177 saxifragae,
583 1098 678 1156 casiae
697 1097 813 1157 fistulae
833 1096 949 1175 pondus
969 1104 1002 1158 ut
1017 1114 1116 1175 supra.

102 1184 182 1244 Haec
206 1186 303 1244 omnia
327 1187 396 1244 trIta
419 1203 488 1244 cunr
511 1184 685 1263 despumato
709 1184 795 1245 melle
813 1184 955 1245 'miscebis
978 1193 1008 1245 et
1031 1183 1116 1245 dabis

103 1271 282 1331 coclearium
305 1273 415 1350 grande
438 1273 559 1350 plenum
581 1291 618 1332 ex
636 1272 756 1333 condito
775 1275 910 1353 mixtum,
934 1273 1116 1333 febricitanti

104 1377 174 1418 vero
199 1378 234 1419 ex
256 1377 330 1437 aqua
354 1360 455 1420 calida.

192 1447 364 1508 Antidotum
387 1449 542 1526 multiplex
565 1449 601 1510 ad
625 1449 716 1510 multa
737 1448 868 1509 remedia
891 1450 999 1526 recipit
1021 1449 1170 1510 haecz128

62 1555 89 1596 15
103 1534 189 1596 Croci
209 1529 248 1622 9⁴
264 1535 323 1609 XV,
342 1538 455 1614 piperis
474 1537 532 1597 albi
550 1571 587 1580 -
604 1537 630 1597 ll
647 1538 675 1618 S,
695 1538 802 1597 amomi
822 1539 1012 1614 semunciam,
1029 1554 1115 1614 pyre-

102 1623 164 1684 thri
187 1626 377 1700 semunciam,
402 1625 489 1684 dauci
507 1625 617 1686 Cretici
635 1627 826 1702 semunciam,
849 1623 912 1684 lolii
930 1622 1115 1702 malabathri,

102 1712 327 1790 nardostachys,
352 1713 462 1791 casiae,
488 1715 547 1791 apii
570 1715 702 1795 seminiS,
725 1712 851 1792 euforbi,
876 1719 960 1773 rutae
984 1713 1115 1790 seminis,

102 1801 283 1879 petrosilini,
311 1818 396 1860 rosae
420 1803 530 1879 siccae,
554 1804 614 1879 opii
637 1801 768 1880 singulas
792 1803 972 1880 semuncias,
996 1798 1115 1878 opobal-

103 1891 178 1949 sami
207 1881 246 1974 9⁴
271 1887 321 1968 Vl,
348 1887 444 1948 mellis
471 1888 542 1949 boni
570 1889 600 1950 P.
625 1890 664 1967 ll,
693 1892 822 1950 cinnami
850 1891 1040 1950 semunciam.
1084 1887 1116 1947 Si

60 1999 88 2039 eo
103 1995 162 2037 non
182 1977 274 2036 fuerit
292 1980 470 2058 cinnamum,
492 1980 591 2038 mittes
611 1980 707 2038 casiae
728 1978 844 2038 fistulae
864 1977 986 2056 duplum
1006 1994 1060 2056 pro
1080 1994 1116 2036 eo

102 2065 229 2125 ethaeo
253 2066 350 2124 omnia
373 2072 461 2125 tunsa
484 2065 624 2126 criblabis
648 2065 770 2127 cribello
793 2068 877 2126 tenui
896 2073 926 2126 et
945 2068 987 2126 sic
1007 2067 1117 2125 misces

102 2155 204 2231 opium
229 2171 297 2213 cum
321 2152 407 2213 melle
429 2161 458 2214 et
476 2157 577 2214 mittes
595 2157 627 2215 in
646 2156 822 2215 mortarium
841 2162 871 2215 et
890 2153 1116 2233 diligentissime

101 2251 192 2322 teres,
212 2241 306 2301 donec
325 2259 418 2301 unum
437 2261 547 2321 corpus
566 2244 625 2325 fiat,
649 2262 683 2304 ac
703 2245 745 2303 sic
764 2245 862 2303 omnia
882 2245 1029 2321 permixta
1048 2244 1116 2302 mit·

102 2340 148 2391 tes
172 2332 203 2390 in
226 2329 367 2390 doliolum
391 2332 531 2411 vitreum3
561 2350 630 2392 cum
653 2350 727 2410 opus
751 2331 849 2412 fuerit,
874 2351 909 2392 ex
932 2332 989 2391 hoc
1013 2330 1117 2392 calicis

61 2439 88 2478 aa
103 2418 186 2479 labae
209 2420 404 2497 Aegyptiacae
428 2419 630 2497 magnitudine
654 2439 721 2480 cum
745 2438 838 2499 aquae
859 2420 983 2498 frigidae
1002 2419 1117 2499 cyathis

102 2506 200 2567 tribus
219 2509 304 2585 potui
322 2506 415 2586 dabie,
438 2508 622 2588 iocinerosis,
644 2510 695 2587 qui
718 2510 802 2568 iecur
816 2511 945 2586 graviter
964 2506 1116 2580 dolebunt,

103 2613 171 2655 cum
195 2598 262 2654 vino
284 2594 381 2656 mulso
405 2594 497 2675 dabis,
522 2605 554 2656 ut
578 2598 836 2675 suprascriptum
860 2604 914 2674 est,
940 2596 1126 2674 epilepticis,-

104 2700 180 2759 quos
199 2682 325 2743 caducos
345 2683 457 2761 dicunt,
476 2683 560 2743 dahis
581 2692 613 2744 ut
633 2703 730 2763 supra,
750 2683 916 2761 pleuriticis
935 2700 1003 2742 oum
1023 2700 1117 2761 aquae

104 2767 216 2828 mulsae
245 2770 328 2830 dabis
356 2772 468 2850 cyathis
497 2771 607 2850 tribus,
636 2772 820 2832 stomachum
850 2768 1018 2829 dolentibus
1047 2787 1116 2828 cum

61 2876 90 2916 eo
104 2874 212 2934 poscae
241 2858 353 2936 cyathis
381 2860 491 2938 tribus,
520 2860 721 2939 dysintericis,
750 2862 802 2938 qui
831 2857 983 2936 persoluto
1012 2862 1116 2917 ventre

105 2953 188 3024 sunt,
217 2964 284 3007 curn
309 2963 383 3025 aqua
406 2948 513 3025 frigida
537 2947 632 3027 dabis,
660 2947 821 3025 periodicis
844 2944 978 3005 febribus
1002 2946 1054 3023 qui
1077 2943 1117 3004 la-

102 3034 218 3114 borant,
237 3034 268 3095 id
288 3042 333 3096 est
352 3035 573 3097 accessionibus
592 3035 708 3096 diurnis
726 3045 755 3095 et
769 3035 933 3115 nocturnis,
953 3051 1021 3093 cum
1040 3051 1117 3112 aqua

102 3123 196 3183 calida
225 3123 321 3204 dabis3
351 3124 460 3203 quibus
488 3124 593 3184 dentes
622 3123 724 3184 dolent
747 3131 777 3183 et
802 3121 911 3202 quibus
936 3124 1056 3201 sanguis
1079 3122 1118 3183 de

103 3214 229 3289 gingivis
253 3212 366 3290 delinit,
390 3231 457 3273 cum
477 3231 566 3292 posca
590 3212 697 3291 frigida
716 3219 766 3273 aut
786 3230 855 3272 cum
873 3213 941 3271 vino
961 3211 1053 3292 dabis,
1076 3214 1118 3271 ita

193 3345 405 3402 ldisinteriois.
456 3346 661 3416 leptoperitias.
712 3347 884 3402 8sinanehi.
936 3350 969 3400 15
988 3345 1117 3415 pirethri.

105 3423 138 3470 16
161 3416 348 3498 malabathri]
370 3416 514 3472 alabastri.
606 3425 640 3473 17
663 3417 865 3473 nardostaohis.
957 3423 990 3471 22
1014 3415 1118 3470 mitiis.

103 3493 138 3541 27
158 3489 373 3556 epilempthrois,
447 3493 480 3542 30
500 3488 597 3559 oyabis.
671 3488 867 3562 disynteric'm.
