2422 3878
497 116 736 181 -230-

112 282 238 344 nucibus
257 279 444 358 iuglandibus
463 282 595 359 purgatis
615 297 649 338 ac
667 278 754 339 melle
773 277 866 338 inlitis
885 279 916 338 in
935 276 1002 338 cibo
1022 276 1127 338 datum

113 373 228 450 epatico
252 371 351 430 ieiuno
375 368 509 429 mirabile
535 377 589 429 est.

58 472 91 520 31
200 458 347 519 Procliani
370 457 478 517 medici
501 457 665 517 remedium
689 456 726 516 de
751 458 953 535 experimento
972 457 1008 517 ad
1029 460 1127 536 epatis

112 551 341 628 suppurationes
356 554 386 606 et
396 546 495 606 ulcera
513 554 542 606 et
552 554 732 624 apostemata
747 547 803 606 sic:
820 545 964 624 Sagapeni
973 548 1080 606 uncias
1091 546 1127 628 ll,

111 656 227 718 myrrae
251 633 456 714 troglodytidis
483 637 585 695 uncias
609 633 658 715 lll,
682 634 862 694 cardamomi
884 636 988 694 uncias
1006 634 1054 716 Vl,
1079 647 1153 695 cas

111 729 204 787 storei
223 726 325 786 uncias
344 722 392 796 111,
411 724 523 801 piperis
543 721 602 782 albi
619 724 723 783 uncias
743 722 816 783 duas
835 731 886 783 aut
905 725 930 782 si
949 722 1050 783 album
1065 742 1126 784 non

110 815 210 893 larerit,
229 811 352 889 duplum
372 811 408 871 de
428 813 512 890 nigro
531 813 641 892 mittes,
660 813 720 890 opii
739 813 841 890 optimi
861 813 964 871 uncias
980 811 1015 872 11.
1044 811 1125 873 Haec

111 904 209 961 omnia
232 909 318 961 tunsa
342 908 372 960 11
396 899 524 961 cribrata
547 919 601 979 per
622 899 759 979 impubes
778 918 888 978 pueros
908 918 984 979 aqua
1003 900 1125 979 pluviali

109 989 248 1050 miscebis
272 996 301 1049 et
324 989 414 1049 iacies
437 990 603 1050 trochiscos
627 989 663 1049 de
688 988 767 1049 binis
795 988 957 1069 drachmis,
987 992 1040 1068 qni
1064 1000 1124 1051 tro·

110 1079 204 1139 chisci
231 1081 262 1137 in
289 1077 394 1138 umbra
417 1097 477 1138 non
500 1080 532 1138 in
555 1079 616 1138 sole
641 1080 804 1157 siccentur;
832 1079 903 1137 viris
930 1077 975 1138 vel
1000 1080 1164 1139 seniori-10

109 1167 167 1227 hus
189 1170 331 1246 integros,
354 1169 456 1246 pueris
480 1166 526 1227 vel
550 1166 715 1227 minorihus
735 1165 873 1226 dimidios
893 1167 1060 1227 trochiscos
1080 1170 1123 1228 in·

109 1256 192 1315 susos
210 1258 242 1315 in
261 1274 336 1334 aqua
356 1255 449 1316 calida
468 1255 560 1336 dabis,
581 1256 611 1316 id
631 1264 755 1316 estnon
774 1253 956 1316 febricitanti
975 1274 1044 1315 cum
1064 1258 1125 1316 vini

109 1347 222 1405 austeri
249 1346 324 1404 meri
351 1344 456 1424 cyatho
484 1364 558 1425 uno,
588 1345 705 1404 infirmo
734 1353 833 1405 autem
861 1362 897 1403 ex
925 1362 1001 1422 aqua
1030 1344 1125 1405 calida

110 1433 241 1514 dabitnr;
265 1433 317 1493 sed
342 1433 450 1512 quibus
474 1432 653 1494 medendum
676 1435 742 1513 erit,
768 1433 842 1493 nihil
865 1435 975 1511 pingue
999 1434 1123 1494 mandu-

109 1532 191 1604 cent,
219 1541 279 1582 non
307 1521 418 1597 oleum,
446 1540 507 1582 non
535 1539 668 1602 carnem,
696 1521 748 1581 sed
778 1521 814 1581 de
842 1521 1000 1582 lenticulae
1029 1521 1124 1582 farina
1139 1535 1164 1575 15

108 1612 222 1689 pultem
251 1629 318 1671 cnm
347 1609 489 1690 oxymelle
518 1618 632 1670 coctam
665 1609 794 1670 admixto
823 1609 930 1670 anetho
964 1617 994 1670 11
1022 1611 1124 1689 puleio

109 1701 288 1760 manducent
312 1706 342 1759 et
365 1717 494 1780 poscam,
516 1706 708 1777 posteaquam
728 1716 868 1759 excreare
887 1698 934 1759 vel
953 1701 1037 1759 sitire
1059 1719 1124 1761 coe·

59 1798 62 1801 ’
108 1791 216 1868 perint,
240 1786 370 1867 tepidam
393 1789 539 1865 accipiant
562 1795 592 1847 et
616 1789 725 1847 sensim
750 1786 861 1848 bibant.

55 1883 88 1932 38
198 1877 256 1948 Qui
279 1875 422 1955 palmulas
444 1875 574 1955 dactylos
598 1894 635 1935 ex
658 1884 740 1936 aceto
765 1877 939 1955 frequenter
963 1876 1123 1938 manduca·

55 1973 88 2020 31
110 1969 197 2047 verit,
229 1966 369 2026 iocineris
403 1964 504 2024 dolore
533 1964 654 2026 carebit
700 1964 742 2024 De
770 1963 833 2043 lupi
859 1965 982 2045 praeda,
1016 1966 1047 2027 id
1077 1974 1123 2027 est
1138 1979 1163 2019 20

108 2055 144 2114 de
172 2054 307 2132 reliquiis
335 2056 468 2114 vervecis
496 2062 547 2114 aut
576 2071 682 2132 caprae
706 2063 756 2114 aut
780 2053 939 2114 cuiuslibet
963 2056 1122 2116 animantis

109 2160 196 2220 quam
221 2142 385 2202 comederit
408 2160 528 2202 carnem
551 2140 598 2201 vel
620 2140 727 2219 pellem
747 2141 793 2201 vel
812 2160 845 2201 os
865 2141 969 2221 collige
987 2151 1019 2203 et
1038 2161 1124 2205 serva

107 2236 138 2289 11
162 2228 279 2308 quando
303 2228 409 2308 aliquis
428 2232 512 2290 iecur
530 2229 669 2311 doluerit,
688 2229 756 2290 inde
776 2249 843 2292 eum
863 2238 959 2313 tange,
979 2233 1123 2293 continuo

108 2317 268 2376 sanabitur.

54 2417 88 2464 40
197 2404 358 2483 Origanum
381 2407 412 2465 in
436 2424 511 2485 aqua
535 2406 667 2485 decoque
687 2406 722 2466 ad
742 2409 846 2468 tertias
865 2416 895 2468 et
913 2415 1017 2486 postea
1036 2412 1122 2471 mitte
1136 2421 1162 2462 2⁵

108 2494 203 2555 mellis
228 2495 306 2574 qnod
331 2495 459 2556 sufficiat
483 2504 571 2575 atque
595 2498 705 2556 iterum
728 2497 862 2576 decoque
886 2497 1059 2576 diligenter,
1088 2507 1123 2559 ut

107 2584 224 2665 bulliat,
253 2593 283 2645 et
309 2584 378 2644 inde
407 2585 443 2645 (11
472 2587 586 2664 epatico
612 2587 712 2646 ieiuno
738 2585 815 2664 quod
841 2588 912 2646 satis
936 2588 975 2646 sit
997 2586 1123 2648 adsidue

54 2684 88 2732 41
108 2674 283 2755 bibendum,
311 2674 395 2736 valde
421 2674 588 2736 subvenies.
629 2673 784 2735 Lacertam
806 2674 931 2734 viridem
954 2674 1069 2753 prende
1094 2685 1125 2737 ct

108 2763 144 2824 (11
172 2772 258 2825 acuta
286 2774 370 2844 parte
401 2782 511 2826 cannae
535 2767 618 2825 iecur
642 2765 671 2824 ei
693 2762 763 2824 tolle
787 2771 817 2823 et
839 2765 870 2822 in
894 2762 1051 2841 phoenicio
1076 2763 1124 2825 vel

107 2872 204 2931 panno
233 2854 408 2915 naturaliter
437 2855 522 2932 nigro
551 2852 636 2932 alliga
664 2860 752 2931 atque
781 2851 817 2912 ad
848 2852 982 2913 dextram
1005 2861 1123 2931 partem
1138 2865 1163 2906 ³0

108 2939 208 3002 lateris
237 2950 288 3003 aut
315 2941 430 3002 brachii
453 2941 597 3003 laboranti
621 2943 736 3021 epatico
761 2941 924 3022 suspende,
950 2941 1001 3001 sed
1025 2943 1124 3003 vivam

107 3027 247 3090 lacertam
272 3031 436 3092 (1111111111
455 3027 546 3092 dicito
566 3033 606 3092 ei:
632 3030 707 3092 Ecce
728 3030 844 3090 dimitto
865 3038 893 3090 11
913 3031 1020 3109 vivam3
1044 3031 1124 3112 vide,

109 3125 142 3175 ut
165 3135 219 3195 ego
243 3137 450 3198 quemcunque
474 3120 543 3179 hinc
566 3122 691 3198 tetigero
716 3137 787 3198 epar
811 3137 870 3178 non
895 3118 1000 3179 (111111.

54 3216 88 3263 42
197 3204 241 3264 Α(1
274 3206 412 3267 duritiam
442 3209 582 3268 iocineris
610 3206 798 3267 molliendam
826 3215 856 3267 11
884 3206 1046 3287 quamlibet
1074 3227 1123 3269 ve·

108 3303 203 3353 terem
228 3293 358 3354 dolorem
383 3295 546 3356 sedandum
569 3294 645 3355 bene
669 3296 739 3355 iacit
763 3295 878 3356 cunilae
900 3295 1008 3377 aridae,
1033 3309 1163 3376 quamtt

109 3385 268 3443 satureiam
306 3383 424 3462 quidam
457 3391 580 3465 vocant,
612 3386 643 3443 in
675 3383 829 3462 pulverem
861 3385 998 3446 redactae
1031 3386 1123 3447 dena-

109 3474 172 3532 rius
201 3488 278 3532 unus
307 3477 342 3530 e'x
369 3471 459 3532 mulsi
486 3473 598 3551 cyathis
627 3472 756 3553 duobus,
790 3475 816 3532 si
843 3492 903 3534 non
931 3472 1123 3556 febricitahit,
