2422 3878
495 129 648 194 -228
696 164 738 174 -

112 304 174 376 vet,
203 302 236 354 ut
264 292 314 352 illo
337 292 437 352 triduo
461 293 640 370 purissimus
663 300 694 352 et
717 291 936 371 digestissimus
960 293 1000 351 sit
1022 299 1054 352 et
1078 291 1131 353 iri·

111 384 208 461 gidam
228 400 287 441 non
307 380 388 441 bibat
407 399 505 459 neque
530 380 639 441 salsum
659 379 770 460 aliquid
789 389 840 441 aut
857 379 944 442 dulce
958 380 1130 443 manducet.

60 485 94 534 ao
112 471 209 532 Violas
238 480 371 549 agrestes
400 471 461 530 sive
490 469 641 530 silvestres
669 478 809 530 conteres
836 477 867 530 et
895 487 1002 530 sucum
1025 486 1131 532 earum

114 579 181 621 cum
200 561 266 639 pari
284 559 417 638 pondere
435 557 530 617 mellis
549 557 698 636 decoques
718 567 803 619 etex
824 577 858 619 eo
878 556 1024 620 coclearia
1043 566 1131 620 terna

113 652 213 710 ieiuno
238 649 273 709 ad
298 647 375 707 diem
398 647 551 707 iecoritico
569 646 667 728 dabis;
691 646 726 706 ad
746 646 966 719 laterislautem
985 645 1157 730 dolorem,5

114 740 140 798 si
163 757 199 799 ex
222 737 331 797 iecoris
355 752 443 794 causa
466 734 570 817 fuerit,
595 734 689 814 thymi
712 736 859 814 scripulos
883 736 957 796 duos
981 742 1012 796 et
1035 754 1130 816 aquae

115 827 298 905 quartarium
323 822 477 883 dimidium
500 824 619 884 ieiunus
642 823 733 884 bibet.

62 925 96 976 26
205 913 385 990 Compositio
409 911 612 972 medicaminis
636 912 672 973 ad
695 915 794 994 iecur,
819 912 898 993 qnod
922 911 1131 974 diatessaron

114 1002 238 1062 dicitur:
262 999 345 1060 Costi
368 1032 411 1043 -
429 999 451 1080 1,
475 1001 660 1079 laenograeci
682 1000 767 1080 -l,
789 1001 887 1062 inulae
911 1001 1020 1062 radicis
1043 1034 1083 1048 -
1108 1001 1131 1083 l,

114 1088 236 1151 feniculi
254 1089 363 1149 radicis
377 1121 421 1132 -
436 1089 456 1150 l.
488 1088 567 1150 Haec
587 1091 685 1151 omnia
703 1092 863 1169 separatim
882 1090 1041 1169 diligenter
1060 1099 1169 1152 tun-10

115 1179 168 1239 des
196 1185 226 1237 et
255 1176 401 1238 cribrabis
428 1186 459 1238 et
485 1177 729 1239 delicatissimum
751 1178 911 1258 pulverem
940 1179 1131 1240 mensurabis

115 1276 145 1328 et
173 1274 276 1346 postea
304 1266 514 1346 permiscebis,
546 1268 598 1328 sed
629 1269 660 1328 in
688 1267 750 1327 sole
778 1269 877 1328 omnia
904 1266 981 1328 bene
1009 1269 1131 1348 siccato,

116 1364 274 1435 antequam
298 1355 477 1436 contundas,
504 1364 535 1416 ct
561 1357 593 1416 in
620 1374 679 1416 una
706 1358 827 1435 potione
850 1355 984 1417 cocleare
1007 1356 1133 1436 plenum

114 1447 214 1525 mitte3
243 1463 315 1505 sano
344 1463 380 1504 ex
408 1447 490 1525 vino,
518 1443 699 1505 febricitanti
726 1464 763 1506 ex
791 1463 867 1525 aqua
894 1444 988 1506 calida
1015 1445 1063 1505 vel
1095 1464 1132 1506 ex

115 1534 210 1595 mulsa
234 1552 323 1613 aqua,
347 1541 381 1593 ut
403 1541 537 1594 ventrem
561 1533 663 1612 solvat,
686 1536 772 1611 potui
793 1536 894 1595 ieiuno
916 1551 972 1613 per
995 1533 1131 1595 triduum
1145 1548 1170 1589 1⁵

116 1622 213 1701 dabis,
242 1625 282 1682 ita
305 1629 339 1682 ut
362 1630 482 1700 accepta
505 1623 626 1699 potione
649 1624 679 1682 in
704 1622 809 1683 dextro
832 1623 925 1684 latere
948 1620 1131 1702 aliquamdiu

116 1713 210 1772 iaceat
229 1719 259 1771 et
273 1718 375 1789 postea
390 1709 441 1770 diu
455 1709 625 1770 deambulet
643 1717 674 1770 et
689 1710 906 1788 digestissimus
920 1709 1005 1772 cibos
1019 1719 1132 1791 sumat3

117 1799 174 1860 hoc
197 1799 329 1859 remedio
354 1801 458 1859 scitote
482 1798 556 1859 nibil
577 1817 643 1860 csse
662 1801 871 1881 praestantius,
893 1801 982 1861 etiam
1002 1801 1029 1860 si
1048 1800 1132 1860 lemi-

116 1890 172 1970 nis,
196 1888 248 1947 sed
272 1906 331 1947 non
354 1886 586 1966 praegnantibus
609 1887 706 1948 detur.

63 1989 96 2038 27
206 1976 248 2036 De
266 1976 364 2036 medio
384 1994 451 2036 osse
471 1978 579 2057 sepiae,
598 1975 676 2055 quod
691 1982 738 2036 est
751 1974 848 2056 molle,
866 1975 1019 2054 pulverem
1038 1976 1133 2037 facies
1146 1991 1171 2031 oo

118 2066 197 2125 etin
216 2066 359 2125 mixtione
379 2065 490 2125 conditi
509 2067 613 2143 optimi
633 2065 786 2126 iecoritico
805 2066 905 2124 ieiuno
923 2082 978 2144 per
996 2063 1134 2126 triduum

119 2151 213 2230 dabis,
236 2154 277 2211 ita
295 2155 377 2212 utin
396 2153 500 2213 dextro
520 2152 612 2214 latere
635 2153 815 2232 aliquamdiu
834 2154 938 2234 iaceat,
960 2171 1031 2214 cum
1048 2171 1133 2215 acce-

66 2252 100 2302 28
119 2241 207 2319 perit,
231 2247 260 2299 et
283 2248 386 2317 postea
409 2240 576 2301 diutissime
600 2240 777 2302 deambulet.
819 2241 864 2302 dd
886 2243 1029 2303 iocineris
1051 2242 1134 2303 dolo·

120 2345 184 2387 rem
203 2325 368 2386 remedium
387 2329 444 2388 sic:
467 2327 632 2389 lntiborum
652 2332 717 2389 suci
730 2330 875 2411 heminae,
898 2348 990 2410 aquae
1010 2331 1134 2410 cyathos

120 2425 182 2477 tres
206 2414 346 2474 miscebis
369 2415 458 2475 simul
480 2425 511 2476 et
533 2416 661 2477 calidum
684 2417 777 2500 dabis,
800 2419 895 2479 donec
915 2425 1013 2479 totum
1031 2419 1134 2480 triduo
1148 2432 1173 2474 2⁵

121 2503 309 2584 perbibatur3
333 2504 412 2583 quod
436 2507 462 2565 si
480 2523 516 2565 ex
534 2508 600 2585 ipso
619 2505 721 2567 dolore
740 2509 789 2569 cui
807 2507 987 2568 medendum
1005 2515 1051 2568 est
1070 2516 1134 2569 tur·

122 2593 209 2672 gidus
238 2600 269 2653 et
298 2593 464 2672 indigestus
497 2595 600 2678 luerit,
632 2614 757 2675 porrum
788 2597 949 2675 capitatum
980 2597 1136 2657 incoctum

70 2695 103 2742 29
122 2682 289 2743 manducet.
335 2682 508 2744 Gentianam
537 2703 573 2744 ex
596 2703 683 2763 passo
707 2685 856 2763 decoques
879 2692 910 2745 et
932 2687 1032 2745 ieiuno
1056 2687 1135 2747 ieco-

69 2783 103 2832 30
122 2775 208 2834 ritico
232 2772 439 2851 pertriduum
458 2772 614 2833 bibendam
634 2773 725 2835 dabis.
753 2772 868 2852 Piperis
887 2772 945 2834 albi
963 2790 1054 2851 grana
1073 2771 1136 2854 XL,

121 2862 220 2923 salicis
243 2861 312 2923 lolia
335 2861 371 2922 ad
394 2861 471 2922 hanc
493 2880 673 2943 mensuram,
695 2870 730 2923 ut
748 2860 907 2922 fasciculus
925 2864 1005 2922 inter
1025 2862 1136 2940 digitos
1149 2874 1173 2915 ³⁰

121 2951 197 3011 duos
219 2960 249 3012 et
267 2951 404 3029 pollicem
423 2958 569 3032 teneatur,
591 2953 759 3013 cucumeris
779 2967 898 3029 quoque
917 2958 1061 3028 quantum
1081 2953 1135 3012 tri·

121 3038 178 3099 bus
207 3040 307 3118 digitis
335 3039 439 3101 tollere
467 3042 602 3119 potueris
629 3049 751 3101 contere
778 3041 810 3099 in
836 3057 929 3099 unum
952 3046 982 3099 et
1004 3056 1059 3118 per
1082 3041 1136 3100 tri·

125 3126 217 3186 duum
239 3129 393 3189 iecoritico
416 3130 516 3189 ieiuno
540 3128 576 3188 da
599 3148 636 3189 ex
658 3147 733 3207 aqua
757 3127 850 3189 calida
874 3125 1046 3189 bibendum.

71 3226 104 3274 31
214 3213 295 3275 Costi
314 3219 506 3297 semunciam,
524 3216 604 3276 aloes
623 3217 772 3295 epatitidis
794 3216 871 3296 -l,
891 3216 1052 3277 mastiches
1070 3234 1137 3296 gra-

124 3320 231 3363 norum
251 3336 294 3345 -
312 3303 349 3385 ll,
372 3305 519 3382 eupaterii
537 3336 579 3347 ·-
598 3303 619 3384 l,
642 3306 755 3383 piperis
777 3338 814 3347 -
835 3305 871 3386 ll,
890 3307 998 3365 amomi
1016 3323 1136 3367 semun·
1150 3314 1174 3358 ³⁶

213 3497 247 3544 34
254 3490 330 3547 Coeli
340 3489 524 3564 semunciam]
532 3493 566 3560 cs.
575 3492 650 3548 Puto.
660 3493 693 3549 dc
702 3509 731 3549 re
740 3493 1141 3567 meo.11‚1u(ed.Atotp.tro⁸).
