2422 3878
522 117 739 180 ..46-

123 289 153 340 et
181 280 313 358 adposita
341 279 486 340 medetur.
527 277 608 337 Idem
634 284 766 354 praestat
789 277 883 336 farina
907 277 1003 355 lupini
1026 281 1141 340 incocti

69 381 103 431 tt
122 378 152 428 et
180 370 243 428 sine
272 368 383 427 cortice
407 368 541 444 inspersa
565 383 633 425 cum
657 367 732 424 vino.
779 365 821 424 hd
845 369 1015 445 porrigines
1039 367 1138 428 deter-

121 457 232 535 gendas
251 463 335 515 rutae
355 453 530 515 fasciculum
548 462 578 513 et
597 452 723 531 sulphur
742 455 840 513 vivum
860 472 928 514 cum
947 457 1015 514 vino
1035 466 1138 517 vetere

122 543 210 604 simul
234 545 366 623 decoque
390 552 420 603 ct
444 549 533 620 caput
556 560 592 601 ex
616 559 650 600 eo
674 543 706 600 in
729 541 834 602 balneo
854 541 924 621 lava,
948 552 1017 603 ante
1037 552 1138 605 tamen

68 645 103 696 64
122 652 196 712 aqua
221 633 328 712 tepida,
352 633 430 691 siout
452 639 498 690 cst
521 629 756 709 consuetudinis,
780 630 854 690 elue.
894 631 938 691 td
962 632 1086 710 papulas
1105 636 1163 693 ino

122 724 217 800 capite
242 722 468 780 effervescentes
492 718 537 778 vel
560 718 691 797 qualibet
714 728 798 797 parte
824 722 968 799 eorporis,
992 722 1136 782 etiamad

122 813 220 888 ignem
245 826 361 869 sacrum
384 807 460 867 hene
484 808 554 867 lacit
577 807 633 867 hoc
658 807 920 868 medicamentum:
948 807 1044 868 liutae
1069 812 1136 870 viri·

121 899 167 958 dis
185 897 216 957 P.
236 896 271 976 ll,
290 914 411 974 spumae
431 898 545 975 argenti
563 895 595 956 P.
609 895 622 955 l
638 895 666 975 S,
686 898 761 955 aceti
781 893 812 956 8
827 895 848 976 l,
868 895 926 956 olei
945 897 1049 957 viridis
1069 895 1100 958 8
1115 898 1136 958 l.

122 986 195 1047 Cum
219 988 295 1046 aceti
315 993 400 1063 parte
419 1003 523 1063 spuma
543 992 573 1044 et
591 992 657 1045 ruta
678 993 825 1064 teruntur,
849 985 943 1044 donec
962 984 1037 1045 levia
1056 988 1136 1047 liant.

121 1074 226 1134 Postea
250 1073 329 1151 quod
352 1080 490 1152 superest
513 1074 590 1133 aceti
613 1073 743 1133 vicissim
768 1091 836 1133 cum
855 1072 920 1133 oleo
940 1074 1070 1135 adicitur
1089 1074 1135 1135 vel
1148 1092 1172 1132 ιο

121 1162 347 1241 superfunditur
370 1161 573 1239 medicamini,
597 1161 668 1221 dum
691 1164 812 1242 teritur,
836 1170 958 1222 etcum
982 1162 1059 1223 hene
1084 1165 1137 1224 tri-

123 1263 185 1310 tum
210 1258 240 1310 et
262 1252 442 1327 permixtum
466 1250 565 1328 luerit,
589 1257 652 1310 tum
674 1251 827 1328 inponitur
851 1250 924 1312 locis
948 1255 1136 1313 necessariis.

69 1351 102 1401 65
122 1339 165 1399 hd
193 1338 377 1416 pedunculos
405 1339 554 1398 necandos
581 1337 638 1398 hoe
665 1337 860 1399 medicamine
884 1342 992 1401 uteris:
1030 1340 1137 1402 Oleum

122 1446 190 1488 cum
219 1427 339 1506 pulvere
368 1429 478 1487 cineris
506 1426 666 1487 cuiuslibet
693 1427 730 1486 de
759 1428 838 1506 loco,
866 1429 917 1488 sed
947 1428 1023 1488 hene
1051 1433 1135 1509 creti,

119 1519 232 1595 pariter
246 1516 385 1576 miscebis
404 1526 434 1576 et
452 1519 492 1576 ita
511 1523 601 1594 teres,
619 1523 653 1576 ut
672 1517 711 1575 sit
729 1515 764 1575 ad
784 1517 1009 1594 spissitudinem
1027 1518 1173 1597 mellis,1o

67 1617 100 1667 66
120 1614 207 1684 atque
231 1605 300 1665 inde
325 1623 392 1664 ctam
416 1623 492 1682 opus
514 1605 614 1683 fuerit,
638 1611 727 1681 caput
752 1623 839 1682 unge.
880 1604 924 1664 Ad
948 1605 1134 1683 pedunculos

119 1696 149 1754 in
179 1696 259 1754 omni
287 1703 370 1772 parte
399 1695 533 1771 corporis
565 1693 714 1753 necandos
746 1693 851 1752 ellicax
880 1693 937 1753 hoe
966 1695 1133 1755 remedium

119 1792 178 1844 est:
214 1781 347 1842 Ellebori
369 1781 477 1841 radicis
501 1783 602 1862 uncia,
630 1782 782 1860 staphidos
805 1783 903 1861 agriae
927 1784 1014 1842 uncia
1043 1782 1134 1842 simul

119 1874 188 1931 trita
216 1871 390 1948 adiectoque
419 1869 483 1930 oleo
512 1877 607 1931 totum
637 1888 746 1949 corpus
770 1872 963 1951 perunguito,
987 1873 1076 1931 etiam
1100 1872 1134 1931 in

65 1971 99 2020 67
119 1961 229 2019 tunicis
253 1957 447 2019 necabuntur.
488 1957 568 2018 Nitri
589 1959 779 2018 Alexandrini
804 1968 834 2018 et
857 1959 1008 2037 staphidos
1032 1962 1133 2038 agriae
1148 1979 1173 2019 so

120 2047 241 2125 aequale
265 2046 395 2126 pondus,
423 2046 587 2125 aphronitri
615 2065 732 2126 quoque
760 2046 888 2125 aliquam
910 2050 1079 2126 portionem
1103 2057 1134 2109 et

120 2134 272 2212 sulphuris
300 2137 358 2194 vivi
384 2135 559 2214 particulam
588 2135 676 2194 simul
704 2138 791 2196 terito
819 2153 853 2195 ao
881 2136 995 2197 decimo
1025 2136 1072 2196 die
1101 2139 1133 2196 in

66 2235 99 2286 68
119 2223 224 2283 balneo
249 2242 358 2302 corpus
377 2224 495 2284 iricato:
519 2242 622 2284 omnes
644 2223 829 2301 pedunculos
848 2223 976 2285 necabis.
1015 2225 1133 2305 Serum,

118 2313 146 2372 id
176 2320 223 2372 est
250 2330 356 2392 aquam
383 2312 481 2390 lactis,
510 2331 584 2390 quae
612 2319 746 2372 remanet
773 2313 851 2373 lacto
881 2331 981 2392 caseo,
1009 2315 1036 2373 si
1064 2316 1133 2391 quis

119 2402 234 2462 adiecto
258 2411 341 2461 aceto
365 2403 395 2461 in
419 2404 539 2479 potione
562 2401 739 2478 aliquotiens
764 2404 938 2481 sumpserit,
961 2404 1001 2461 ita
1024 2401 1131 2462 libera·
1146 2421 1172 2462 ss

119 2498 169 2550 tur
192 2508 209 2550 a
232 2489 417 2569 pedunculis,
442 2497 474 2550 ut
496 2491 616 2568 penitus
640 2491 826 2568 exthpentur
845 2508 901 2550 nec
919 2498 1023 2568 postea
1043 2494 1074 2550 in
1095 2509 1131 2550 eo

65 2591 99 2642 ‘to
118 2587 321 2638 renascantur.
371 2577 489 2638 Cervini
519 2595 628 2638 cornus
658 2577 762 2639 scobes
790 2578 906 2639 limatae
939 2587 970 2639 et
997 2597 1034 2639 cx
1062 2581 1131 2639 vino

117 2669 201 2746 potui
219 2667 303 2727 datae
317 2665 502 2745 pedunculos
516 2667 547 2725 in
562 2669 657 2746 capite
672 2667 833 2746 lendesque
848 2669 929 2727 nasci
945 2685 1003 2727 non
1019 2669 1130 2728 sinunt.

555 2860 634 2921 ChP.
658 2860 689 2922 V.

115 2975 168 3028 Ad
196 2973 315 3042 cepitis
341 2975 497 3028 reumate
523 2976 558 3029 et
585 2973 822 3043 purgationem
849 2975 888 3031 et,
911 2974 956 3028 ed
983 2973 1126 3042 pituitae

189 3063 223 3114 et
249 3061 453 3128 phlegmatis
481 3062 722 3119 deductionem
749 3064 784 3117 et
809 3061 1058 3117 resulutionem

555 3151 687 3208 ocimi.

82 3297 94 3343 1
204 3283 248 3343 Ad
272 3302 383 3365 reuma,
408 3286 487 3363 quod
511 3287 547 3347 de
571 3288 667 3364 capite
691 3286 854 3368 descendit,
877 3288 1127 3348 medicamentum

115 3373 205 3432 iacies
229 3372 299 3434 tale:
333 3373 411 3434 Nitri
438 3372 539 3452 -Vl,
562 3373 696 3452 pyrethri
722 3373 843 3450 -18,
867 3378 1004 3455 capparis
1033 3409 1068 3419 -
1091 3375 1126 3457 ll,
1139 3394 1167 3434 so

116 3461 238 3521 struthii
264 3495 300 3505 —
323 3461 358 3523 ll.
398 3460 478 3522 Haeo
502 3463 599 3521 omnia
622 3470 710 3525 tunsa
733 3471 764 3524 et
786 3465 818 3524 in
838 3463 992 3542 pulverem
1016 3467 1128 3526 tenuis·
