2422 3878
528 153 764 218 -380-

140 316 210 377 dum
232 319 348 397 teritur,
364 315 641 394 summittendum
661 316 917 395 medicamentum,
942 315 1024 394 quod
1044 317 1077 376 in
1099 335 1161 378 am·

140 404 219 484 pulla
248 415 307 485 est,
339 409 380 466 ita
408 413 441 465 ut
468 403 504 464 ad
532 405 709 465 densitatem
741 403 958 483 cataplasmatis
990 404 1161 487 redigatur,

142 493 274 554 addenda
290 503 320 554 et
334 493 391 554 olei
406 495 484 552 rosei
499 492 643 553 coclearia
657 493 730 573 duo;
751 494 793 552 sic
808 491 1012 552 inducendum
1026 494 1159 555 medica·

141 591 274 642 mentum
298 585 329 642 in
352 582 443 640 linteo
463 589 493 640 et
510 580 719 659 adponendum
738 580 812 640 locis
831 579 1011 640 dolentibus.
1046 581 1159 663 Super·

141 673 237 750 posito
266 689 336 731 vero
365 670 455 729 linteo
479 669 598 729 salubre
622 687 688 729 esse
711 676 816 730 auctor
841 667 965 728 remedii
988 668 1085 731 huius
1110 672 1183 732 ado

141 760 247 839 firmat,
272 761 298 819 si
320 757 367 817 vel
389 759 454 835 ipsa
476 757 552 838 lana,
576 776 650 836 quae
674 775 814 836 expressa
832 763 886 836 est,
910 756 956 816 vel
976 757 1035 817 alia
1055 761 1160 821 sucida

141 865 231 926 supra
255 844 430 923 cataplasma
452 845 509 905 hoc
533 855 660 924 ponatur
683 853 713 907 et
735 845 840 906 leviter
862 843 1021 921 obligetur.

88 952 121 1001 72
231 934 382 994 Confectio
410 933 575 1013 emplastri,
603 935 681 1013 quod
709 952 761 994 rex
790 932 977 994 Ptolomaeus
1005 936 1160 998 invenisse

142 1023 260 1101 dicitur,
283 1024 392 1100 accipit
414 1021 503 1082 haec:
527 1021 595 1082 Sevi
618 1024 729 1083 taurini
751 1023 869 1081 remissi
892 1020 1044 1101 colatiqne
1069 1033 1161 1104 atque

141 1112 172 1170 in
196 1109 328 1189 pastillos
352 1112 447 1171 eoacti
466 1110 496 1170 P.
518 1109 547 1189 V,
571 1112 687 1171 resinae
706 1111 798 1170 frixae
817 1109 848 1171 P.
868 1093 899 1189 V,
924 1110 1073 1172 medullae
1095 1129 1193 1174 cer-ao

141 1200 226 1259 vinae
244 1231 289 1241 —
303 1198 349 1277 Vl,
373 1200 438 1258 5υοί
462 1206 577 1259 mentae
599 1197 689 1278 -ll,
712 1201 777 1259 5υοί
796 1199 952 1258 mentastri
973 1199 1068 1281 -ll,
1095 1204 1161 1262 5υοί

142 1287 264 1347 feniculi
290 1286 385 1368 -ll,
409 1288 473 1346 suci
497 1286 640 1346 marrubii
658 1321 702 1329 —
720 1286 756 1367 ll,
780 1288 845 1346 suci
867 1285 1041 1366 hyoscyami
1064 1289 1162 1372 -ll,

143 1378 209 1435 suoi
235 1376 413 1454 plantaginis
441 1377 562 1435 maioris
588 1373 686 1455 -ll,
709 1376 774 1435 5υοί
796 1374 966 1453 lapathi-
986 1374 1028 1456 ll,
1053 1395 1163 1456 specu-

142 1464 213 1523 laris
237 1466 315 1524 cocti
339 1473 369 1523 et
392 1481 480 1542 quam
504 1456 702 1523 minutissime
725 1465 789 1523 triti
807 1462 838 1522 P.
857 1463 878 1523 l.
914 1461 1032 1531 Quibus
1056 1467 1090 1526 in
1116 1486 1163 1527 or·

143 1551 241 1613 dinem
265 1553 447 1630 praeparatis
471 1569 573 1612 sevum
597 1561 627 1611 et
649 1550 777 1611 medulla
801 1551 879 1610 lento
902 1552 966 1629 igni
984 1553 1016 1612 in
1037 1556 1163 1616 vasculo
1174 1568 1195 1609 1⁵

142 1659 233 1700 aeneo
257 1643 461 1719 remittentur;
485 1648 549 1699 tum
572 1641 669 1699 resina
689 1641 869 1699 comminuta
887 1647 977 1718 atque
996 1643 1071 1701 trita
1094 1662 1162 1705 sen·

142 1731 198 1788 sim
217 1731 248 1787 in
268 1745 369 1788 sevum
390 1730 625 1809 supermittetur,
646 1736 678 1787 ut
698 1727 786 1788 simul
800 1727 957 1805 liquefacta
972 1732 1162 1806 permiscere

142 1835 174 1876 se
202 1818 332 1896 possint,
365 1815 472 1876 deinde
502 1817 533 1875 in
562 1818 737 1876 mortarium
769 1833 968 1875 marmoreum
996 1816 1162 1897 diligenter

142 1904 235 1964 colata
255 1903 458 1983 mutabuntur,
478 1923 552 1983 quae
572 1904 668 1965 adhue
686 1905 819 1982 tepentia
838 1903 1068 1981 diligentissime
1089 1927 1161 1969 con·

141 2001 285 2053 terantur.
322 1991 403 2062 Quae
427 2011 495 2052 cum
518 1993 639 2053 densari
662 1994 824 2072 coeperint,
847 1991 917 2051 dum
941 1991 1042 2054 adhuc
1061 1996 1193 2057 calidan

142 2089 243 2161 erunt,
271 2083 311 2141 ita
335 2088 369 2140 ut
391 2080 471 2141 calor
495 2083 637 2142 sustineri
660 2080 796 2141 manibus
819 2081 926 2160 possit,
949 2099 1042 2143 sucos
1067 2102 1160 2164 supra

142 2172 320 2248 scriptarum
344 2169 505 2230 herbarum
529 2169 728 2247 superfundes
749 2177 779 2228 et
797 2170 907 2229 iterum
927 2167 1160 2247 diligentissime

142 2266 221 2317 teres
245 2267 275 2317 et
297 2259 471 2335 prinsquam
495 2259 614 2334 penitus
638 2257 753 2316 desinat
775 2256 866 2336 calor,
889 2267 1104 2335 praeparatum
1125 2262 1160 2323 de

142 2343 290 2422 speculari
317 2344 468 2423 pulverem
497 2347 606 2404 mittes.
647 2343 750 2422 ltaque
776 2346 874 2404 omnia
897 2346 986 2406 simul
1009 2350 1108 2410 mixta
1132 2361 1162 2411 et

142 2432 307 2493 diutissime
336 2433 405 2492 trita
434 2439 522 2510 atque
550 2432 586 2492 ad
619 2450 765 2492 summam
796 2432 946 2493 levitatem
973 2435 1100 2498 redacta
1129 2441 1192 2499 ins

141 2523 235 2581 vitreo
256 2520 373 2580 vasculo
392 2527 585 2599 reponentur.
609 2520 672 2581 lloc
693 2520 885 2599 emplastrum
899 2521 971 2582 utile
986 2521 1036 2583 his
1052 2526 1162 2589 rebus:

141 2609 176 2670 ad
206 2609 366 2688 podagram
396 2619 426 2670 et
453 2627 612 2670 nervorum
645 2609 763 2670 dolores
794 2611 1094 2694 contractionesque,
1126 2616 1161 2676 ad

141 2699 209 2759 luxa
237 2698 284 2759 vel
312 2699 417 2780 fracta,
450 2698 486 2758 ad
514 2698 648 2783 pustulas
676 2715 793 2778 omnes,
821 2696 858 2756 ad
886 2696 1012 2758 duritias
1043 2720 1163 2785 omnes,

141 2789 302 2866 praecipue
326 2787 361 2847 ad
385 2805 578 2847 mammarum
603 2788 686 2866 vitia,
713 2785 750 2846 ad
774 2787 985 2866 carcinomata,
1013 2789 1053 2850 ad
1078 2791 1163 2870 glan·

142 2875 234 2955 dulas,
254 2876 290 2935 ad
309 2874 430 2937 vulnera
450 2877 548 2935 omnia
567 2874 700 2953 quolibet
720 2874 808 2933 modo
822 2875 958 2953 inpressa
973 2875 1019 2935 vel
1039 2887 1164 2943 vetusta
1176 2895 1198 2936 aa

141 2963 187 3024 vel
211 2966 350 3045 recentia,
374 2964 409 3023 ad
433 2963 601 3023 lumborum
626 2970 656 3023 et
678 2962 722 3023 ilii
745 2961 886 3041 dolorem,
910 2962 946 3022 ad
966 2967 1165 3042 scapularum

142 3051 282 3134 dolorem,
305 3053 340 3112 ad
364 3051 517 3131 pthisicos,
539 3053 580 3111 ita
603 3061 637 3112 ut
660 3051 853 3128 emplastrum
876 3051 933 3112 hoc
956 3051 1108 3118 inducant
1133 3067 1165 3120 et

141 3140 254 3200 caldam
282 3159 388 3218 aquam
418 3140 543 3200 mulsam
571 3138 689 3220 bibant,
716 3140 751 3199 ad
781 3139 914 3200 dentium
942 3139 1095 3227 dolorem,
1126 3148 1164 3208 ad

140 3230 324 3305 gingivarum
353 3231 563 3306 carcinomata,
591 3228 626 3287 ad
655 3229 761 3306 capitis
789 3236 819 3289 et
847 3228 1002 3289 oculorum
1026 3231 1165 3317 dolores,

139 3316 181 3376 ita
200 3323 234 3375 nt
252 3315 444 3394 emplastrum
463 3315 632 3376 dolentibus
651 3316 746 3378 oculis
761 3324 988 3397 superponatur,
1007 3319 1045 3379 ad
1067 3339 1164 3386 mem·
1177 3337 1201 3379 u

229 3508 264 3558 28
283 3501 399 3557 duritias
418 3501 588 3570 Stephanus.-
606 3501 726 3556 durieies
747 3494 906 3557 Carnarius.
