2422 3878
575 133 611 142 -
660 95 811 159 364-

10 260 13 301 3
87 308 92 313 .
188 261 228 320 ita
257 277 343 318 omne
373 261 472 318 vinum
500 267 695 338 excoquatur,
722 267 757 316 ut
784 257 831 316 rix
859 258 1007 316 sextarius
1037 266 1199 319 remaneat

187 356 290 426 postea
314 347 422 406 adicies
446 365 531 406 cerae
555 346 638 406 rulae
665 343 762 405 -vl
789 353 818 404 et
842 344 913 404 dum
936 345 1047 426 fervet,
1077 349 1210 426 coagita-

188 435 234 495 bis
259 442 288 495 et
311 434 460 495 sublatum
481 434 602 495 deloco
622 433 803 493 medicamen
823 432 999 514 diutissime,
1023 434 1099 494 dum
1120 435 1209 495 relri·

188 530 318 603 geretur,
342 522 465 601 agitabis
489 529 519 582 et
542 541 610 582 cum
633 539 727 581 uuum
746 538 855 598 corpus
874 523 938 581 eius
956 521 1077 597 leceris
1103 525 1139 583 in
1159 524 1209 585 do·

188 610 288 671 liolum
317 614 444 671 vitreum
477 619 527 670 aut
554 609 692 688 pyxidem
721 617 871 687 stagneam
899 609 1046 670 recondes
1074 618 1107 671 et
1138 631 1207 673 cum

188 718 263 779 opus
287 700 389 778 luerit,
415 716 520 775 parum
544 698 747 759 medicaminis
770 697 851 778 loco,
875 699 926 776 qui
953 699 1110 759 curandus
1141 703 1207 782 erit,

188 791 332 866 impones,
357 785 408 846 sed
433 785 483 845 diu
503 786 679 864 periricabis
702 804 736 846 ac
759 792 861 864 postea
883 785 975 846 linteo
998 786 1149 870 involveS,
1171 808 1208 849 ue

188 875 360 936 indumenta
378 875 586 954 inquinentur3
606 875 685 953 quod
705 873 869 934 remedium
888 882 956 952 post
974 873 1119 936 balneum
1140 895 1207 937 uer·

187 967 231 1023 vis
259 962 397 1021 relaxatis
424 965 648 1023 convenientius
675 963 738 1042 liet;
770 961 822 1021 sed
849 964 899 1022 cui
925 962 1111 1024 medendum
1143 968 1207 1046 erit,

188 1052 348 1129 liquamine
372 1059 402 1110 et
425 1053 548 1129 porcina
571 1051 719 1111 abstinere
744 1049 871 1110 debebit.

134 1153 169 1201 24
277 1137 431 1217 Decamyri
457 1139 637 1200 calefactorii
663 1139 808 1199 conlectio
833 1137 869 1197 ad
892 1155 999 1199 nervos
1022 1141 1208 1203 confirmau-

188 1227 241 1286 dos
265 1235 295 1286 et
318 1227 496 1287 recreandos
517 1235 585 1306 post
603 1229 741 1287 iniuriam
761 1226 879 1304 trigoris
899 1234 950 1286 aut
968 1225 1100 1305 aliquam
1121 1248 1207 1291 vexa·

187 1317 299 1375 tionem
328 1318 384 1375 sic:
418 1315 620 1376 Euforbii—
643 1315 668 1394 l,
697 1314 897 1393 pyrethri—
919 1313 945 1392 l,
973 1333 1163 1394 myrrae—
1187 1319 1208 1399 Ι,

187 1405 353 1464 amomi-
316 1403 392 1483 -l,
413 1403 535 1463 lolii—
495 1403 572 1484 -l,
591 1406 764 1482 piperis-
722 1402 792 1462 -Ι
792 1405 943 1482 ,styracis
964 1395 1097 1488 Mlti,
1117 1425 1208 1468 cerae

189 1484 320 1577 Mill,
344 1492 429 1551 nardi
449 1483 488 1576 2·
508 1490 581 1570 Vlll,
603 1491 786 1594 opobalsami
806 1483 845 1576 ‘d‘
864 1490 937 1551 Vlll.
968 1491 1012 1551 lle
1034 1491 1085 1552 bis
1109 1499 1206 1556 omui·

187 1579 244 1640 bus
263 1581 361 1640 tunsis
380 1579 518 1640 cribratis
536 1581 730 1658 remissisque
748 1579 839 1639 facies
860 1598 947 1640 unam
971 1581 1206 1663 conlectionem,

188 1686 275 1746 quam
298 1670 329 1727 in
352 1667 489 1746 pyxidem
512 1667 639 1745 ligneam
662 1675 714 1728 eut
739 1685 877 1728 corneam
900 1667 1046 1728 recondes
1078 1677 1109 1730 et
1137 1690 1207 1733 cum

188 1774 262 1834 opus
286 1756 384 1835 luerit,
407 1756 511 1816 uteris.

135 1857 167 1905 25
276 1843 348 1902 ltem
379 1843 415 1902 ad
444 1843 545 1903 eadem
574 1861 700 1922 acopum
728 1844 764 1903 de
792 1842 950 1920 speciebus
978 1861 1085 1904 novem
1110 1847 1206 1909 facies

188 1934 243 1991 sic:
276 1930 435 1991 Mastiches
464 1923 574 2016 Ml,
603 1934 728 2011 styracis
753 1923 863 2016 Ml,
892 1931 976 1992 nardi
1004 1940 1034 1991 et
1058 1933 1207 1997 dictamni

187 2020 375 2100 tantundem,
398 2018 456 2079 olei
479 2021 581 2080 viridis
606 2012 731 2105 2XX,
760 2019 817 2079 olei
840 2019 964 2098 phylliui
988 2012 1115 2105 7ΟιΧΙΙ,
1148 2024 1207 2085 olei

188 2110 308 2187 myrtini
328 2067 421 2193 ῼιΧ,
445 2126 591 2168 cerae—
611 2107 661 2188 lX,
681 2107 860 2187 opobalsami
879 2099 918 2192 2⁴
939 2106 984 2168 Vl.
1020 2107 1102 2169 llaec
1122 2113 1207 2174 simi·

187 2195 255 2255 liter
273 2203 307 2255 ut
326 2213 415 2272 supra
432 2198 542 2273 scripta
562 2198 703 2256 conficies
722 2203 752 2255 et
766 2195 911 2256 recondes
925 2203 955 2256 et
969 2195 1108 2257 similiter
1122 2199 1208 2262 lenta

187 2290 217 2343 et
241 2281 334 2343 calida
355 2300 443 2342 manu
462 2282 628 2359 perfricans
647 2283 683 2343 ad
701 2282 860 2361 placandos
879 2303 912 2344 ac
932 2286 1115 2363 reparandos
1135 2306 1206 2349 ner·

187 2389 239 2430 yos
263 2371 365 2430 uteris.

134 2473 168 2522 26
278 2457 392 2537 Stirpes
411 2456 559 2517 brassicae
578 2476 647 2518 cum
662 2457 810 2519 radicibus
825 2461 888 2518 suis
902 2459 1069 2520 comburito
1085 2481 1208 2526 earum-

188 2566 245 2626 que
275 2548 405 2607 cinerem
434 2555 516 2606 aceto
544 2548 732 2625 conspargito
759 2554 789 2607 et
812 2547 926 2608 adiecta
948 2555 1048 2608 vetere
1072 2557 1207 2634 axungia

188 2636 325 2716 subigito,
344 2635 375 2695 id
394 2635 536 2712 malagma
555 2637 727 2714 impositum
748 2654 855 2696 nervos
870 2635 1068 2696 valentissime
1085 2640 1207 2704 solidat.

135 2737 167 2786 at
278 2724 421 2795 Quercini
443 2723 514 2801 ligui
534 2724 682 2784 combusti
705 2725 836 2784 cinerem
858 2726 909 2802 qui
931 2727 998 2784 vino
1019 2732 1048 2785 et
1071 2726 1141 2789 oleo
1164 2733 1209 2793 di·

187 2813 277 2874 luerit
296 2812 472 2890 doloresque
487 2829 646 2872 nervorum
661 2831 694 2873 ea
709 2816 849 2873 unctione
863 2813 1064 2893 perfricuerit,
1084 2834 1207 2881 summa

134 2913 168 2961 28
188 2902 338 2962 celeritate
363 2900 523 2960 sanabitur.
562 2899 685 2961 Stercus
708 2903 861 2979 caprinum
886 2900 972 2960 melle
995 2903 1124 2965 mixtum
1150 2911 1208 2970 im-

187 2993 376 3069 positumque
401 2996 580 3068 suppuratos
603 3007 710 3049 nervos
734 2987 909 3068 expurgabit
932 2996 962 3049 et
986 2989 1021 3049 ad
1041 2995 1209 3059 sanitatem

187 3097 282 3156 usque
308 3078 460 3156 perducet.

134 3174 167 3221 29
277 3165 310 3224 Si
336 3169 367 3224 in
395 3164 504 3225 cubitis
533 3173 584 3225 aut
611 3165 744 3225 articulis
772 3173 823 3225 aut
850 3183 1036 3244 quacumque
1063 3177 1210 3249 corporis

186 3260 271 3329 parte
301 3270 459 3312 nervorum
492 3255 655 3313 contractio
688 3253 805 3312 dolores
838 3252 1002 3334 exhibebit,
1034 3253 1209 3326 lumbricos

187 3345 248 3398 tres
277 3346 412 3399 terrenos
440 3358 508 3400 cum
534 3340 620 3400 melle
644 3343 731 3401 tritos
754 3340 935 3418 malagmatis
959 3341 1078 3402 modo
1069 3363 1210 3435 impone

187 3441 305 3488 omnem
329 3426 461 3487 dolorem
484 3427 597 3488 mollito
620 3430 718 3507 rigore
742 3427 867 3489 sedabis.
