2422 3878
538 242 729 306 ,6-

126 424 201 487 quae
217 413 331 486 septem
349 405 395 466 vel
413 403 558 484 plusculis
573 404 679 464 diebus
694 415 869 466 maceratur.
893 405 935 466 De
950 423 1008 483 quo
1023 406 1141 485 liquore

124 494 315 575 postmodum
344 495 489 572 coagitato
517 501 605 573 atque
634 492 729 554 colato
759 494 858 574 tepido
888 494 1023 554 heminae
1054 494 1140 557 dimi·

126 584 208 645 dium
233 591 283 645 aut
306 582 480 662 ampliorem
503 581 624 642 modum
643 584 822 660 gargarizari
840 590 958 661 oportet
977 583 1024 643 die
1044 583 1139 644 calido

125 673 172 733 vel
196 690 311 753 sereno,
334 674 375 732 ita
398 679 432 733 ut
454 673 627 750 resupinato
650 689 702 730 ore
726 671 862 732 lancibus
883 671 981 749 liquor
1001 671 1049 732 ille
1070 691 1140 733 con-

125 763 256 823 tineatur
284 759 498 839 aliquantulum
527 767 557 820 et
584 761 712 838 agitetur
739 759 852 820 alterna
874 761 938 820 vice
963 760 1052 839 idque
1076 778 1167 821 sae-5

125 852 193 929 pius
221 850 284 929 liat,
313 849 408 910 donee
435 849 571 909 heminae
599 848 753 909 dimidium
780 856 977 909 ‘consumatur
1001 849 1046 908 vel
1070 868 1140 911 cum

124 938 261 1017 flegmate
280 939 453 1016 proiciatur.
478 937 536 998 Sed
554 937 627 998 haee
646 938 746 997 ieiuno
765 935 930 999 adhibenda
949 939 1064 998 curatio
1084 947 1139 1018 est,

125 1045 183 1106 qua
206 1026 287 1087 nulla
307 1029 397 1106 capiti
414 1026 507 1087 levior
526 1033 578 1087 aut
596 1025 779 1088 commodior
797 1028 973 1105 reperietur.
1010 1025 1074 1087 Hoc
1092 1045 1139 1088 re-

124 1115 256 1177 medium
285 1117 337 1195 qui
364 1115 528 1194 neglexerit
556 1122 586 1176 et
608 1114 727 1175 indiciis
751 1133 840 1194 supra
864 1116 983 1193 scriptis
1007 1133 1066 1175 non
1090 1134 1138 1176 oc-

125 1206 263 1286 currerit,
287 1222 410 1265 necesse
434 1212 479 1265 est
502 1205 611 1265 sentiat
633 1212 684 1264 aut
706 1203 860 1264 oculorum
879 1205 949 1264 vitia
967 1211 1018 1264 aut
1036 1203 1138 1265 ulcera
1152 1224 1178 1262 ιο

124 1295 206 1355 intus
229 1292 352 1354 auribus
376 1294 562 1372 erumpentia
583 1301 635 1353 aut
653 1299 782 1353 strumas
801 1295 832 1352 in
852 1292 979 1352 confinio
999 1291 1068 1352 colli
1086 1301 1138 1354 aut

123 1381 229 1460 pulsus
253 1381 370 1443 cerebri
393 1389 444 1443 aut
467 1383 690 1444 suffocationem
709 1388 760 1441 aut
779 1383 859 1441 cirea
878 1388 980 1458 guttur
999 1383 1138 1459 anginam

124 1479 176 1531 aut
195 1488 268 1532 uvae
288 1469 524 1547 destillationem,
544 1469 697 1549 glandulas
716 1487 835 1548 quoque
849 1472 979 1548 patietur
994 1479 1024 1530 et
1038 1470 1137 1531 tabem

124 1557 282 1620 fluentium
301 1559 474 1638 capillorum
494 1567 524 1621 et
543 1558 644 1620 ulcera
661 1576 716 1637 per
738 1568 827 1636 caput
845 1558 1068 1619 effervescentia
1087 1558 1137 1619 do·

88 1646 277 1727 eloremque
301 1648 434 1709 dentium
457 1647 647 1709 creberrime.
672 1646 758 1718 Quod
781 1650 807 1707 si
830 1665 846 1706 a
868 1655 990 1725 pectore
1013 1647 1138 1709 morbus
1151 1664 1176 1705 15

124 1738 262 1818 minatur,
286 1739 338 1816 qui
361 1755 427 1798 esse
451 1737 575 1816 simplex
599 1746 629 1797 et
651 1753 711 1797 non
730 1734 962 1797 violentissimus
982 1735 1065 1817 solet,
1088 1737 1136 1798 his

123 1827 325 1904 praesentitur
343 1825 470 1886 indiciis.
500 1825 635 1885 Primum
653 1826 784 1904 pectoris
804 1823 895 1885 sudor
909 1826 1032 1886 intimus
1047 1833 1136 1886 testa-

123 1924 174 1974 tur
196 1921 312 1975 aestum
335 1913 480 1975 stomachi
502 1913 676 1995 laborantis,
701 1914 785 1992 splen
804 1916 862 1974 erit
881 1914 966 1992 quasi
985 1912 1137 1975 distensus

124 2010 154 2063 et
169 2004 311 2084 eminens,
327 2009 513 2081 sputamenta
528 2001 629 2082 fellita,
643 2002 779 2081 scapulae
795 2021 863 2062 cum
878 2000 1021 2062 lateribus
1035 2021 1136 2081 grava·

124 2090 236 2152 buntur
264 2099 295 2151 et
321 2092 472 2170 inproviso
501 2091 601 2152 dolore
629 2099 829 2171 marcescent,
860 2090 1000 2151 adsiduae
1031 2094 1175 2152 oscitano

124 2181 221 2240 tiones
244 2197 297 2239 ora
320 2178 474 2260 diducent,
497 2181 675 2259 inportunae
699 2179 815 2258 vigiliae
838 2197 959 2240 somnos
982 2179 1138 2261 fugabunt,

124 2275 238 2329 artatus
262 2269 385 2346 spiritus
409 2269 460 2329 siti
483 2276 629 2330 nocturna
649 2271 774 2330 maxime
793 2267 971 2347 inardescet,
995 2286 1137 2347 experge-

124 2357 210 2418 factis
233 2374 317 2417 mens
341 2359 398 2418 erit
417 2359 512 2418 tristis
531 2365 562 2418 et
575 2357 685 2437 nubila,
700 2365 769 2437 post
783 2375 921 2437 soporem
936 2358 1027 2417 totius
1041 2374 1136 2435 paene

124 2447 258 2525 eorporis
281 2444 394 2527 pulsus,
418 2454 530 2507 tremor
553 2448 584 2506 in
607 2445 736 2507 brachiis
759 2447 805 2507 vel
828 2449 860 2507 in
883 2443 1032 2526 manibus,
1057 2448 1137 2506 sicea

124 2536 213 2595 etiam
236 2536 327 2595 tussis
350 2537 464 2614 quatiet
484 2535 643 2596 infirmum.
678 2532 731 2595 His
750 2536 842 2613 igitur
862 2537 1011 2614 sapienter
1030 2551 1135 2594 occur-
1149 2547 1173 2588 aa

124 2625 210 2703 ritnr,
234 2625 260 2683 si
282 2623 467 2684 consuetudo
490 2624 541 2685 fiat
564 2626 628 2684 sine
652 2622 711 2685 ullo
730 2623 925 2684 medicamine
943 2630 1012 2701 post
1031 2640 1137 2683 cenam

122 2709 269 2772 vomendi.
310 2710 388 2772 Utile
416 2720 514 2773 autem
538 2720 584 2773 est
607 2714 695 2773 etiam
718 2714 852 2773 ieiunum
879 2729 1013 2792 vomere,
1043 2714 1137 2791 magis

123 2801 203 2860 enim
222 2818 308 2860 umor
327 2802 442 2881 noxius,
462 2803 513 2879 qui
532 2801 684 2862 stomacho
703 2801 848 2882 insiderit,
863 2803 1003 2879 egeritur.
1031 2799 1136 2879 ltaque

122 2891 176 2968 qui
198 2906 284 2950 mane
308 2891 473 2951 vomiturus
497 2896 556 2969 est,
584 2890 673 2951 debet
699 2892 868 2951 minutatim
896 2890 991 2950 ralani
1017 2887 1137 2949 radices

122 2977 302 3039 manducare
317 2996 426 3058 easque
440 2977 485 3039 vel
501 2996 606 3039 sucum
621 2996 723 3040 earum
738 2980 948 3058 transmittere,
963 2976 1137 3037 cardamum
1150 2990 1175 3032 oo

124 3083 251 3145 quoque,
269 3065 298 3126 id
314 3075 358 3128 est
373 3069 567 3148 nasturcium,
583 3067 634 3128 sed
650 3076 679 3128 et
694 3068 790 3146 sinapi
808 3074 838 3128 et
852 3084 972 3127 erucam
992 3064 1136 3126 devorare

124 3160 154 3213 et
177 3171 283 3232 aquam
306 3154 412 3216 deinde
436 3156 564 3235 tepidam
589 3154 783 3234 superbibere
812 3163 842 3216 et
870 3155 962 3233 digito
990 3156 1136 3215 vomitum

122 3259 294 3319 provocare.
328 3241 385 3313 Qui
408 3246 465 3304 ista
484 3245 707 3324 contempserit,
730 3245 788 3304 erit
810 3243 857 3303 his
876 3243 1023 3304 obnoxius
1041 3244 1136 3305 vitiis:

196 3397 277 3451 ivel
294 3410 344 3450 om.
417 3395 556 3463 2iepide.
620 3395 737 3451 eminae.
802 3396 967 3464 3emplius.
1035 3395 1136 3452 'Ideo-

121 3466 205 3520 mate.
288 3471 323 3521 20
341 3465 510 3520 marcisoeni
529 3470 577 3520 lm
594 3470 768 3523 marcescent
786 3470 844 3523 2m.
931 3472 965 3520 21
985 3466 1136 3522 deducunt.

123 3541 157 3590 22
177 3537 225 3592 siti
244 3541 291 3594 Im
310 3534 372 3592 sitis
391 3541 450 3594 zm.
510 3536 670 3592 inardescit.
738 3543 772 3592 28
791 3554 872 3592 umor
889 3541 938 3592 Im
955 3537 1058 3591 humor
1076 3542 1137 3595 2m.

121 3606 252 3664 insiderit
269 3616 319 3665 1m
336 3606 473 3664 insederit
490 3611 548 3664 2m.
621 3614 654 3662 et
675 3609 780 3679 sinape.
