2422 3878
457 143 767 233 «318-

140 308 228 367 tritae
252 304 278 364 Χ
298 303 337 364 ΙΙΙ
360 323 396 365 ex
419 304 480 365 sale
503 313 534 365 et
556 307 663 382 exiguo
686 314 771 365 aceto
793 305 856 365 dati
877 323 946 365 cum
970 324 1070 384 aquae
1096 327 1166 388 eya

141 394 200 455 this
224 392 261 453 Vl
288 393 363 453 biles
389 393 550 454 deducunt
591 393 762 454 lleoonidos
785 412 904 473 quoque
926 393 1041 455 herbae
1064 414 1164 458 sucus

139 482 253 562 cyathis
276 482 394 543 duobus
416 481 504 542 datus
527 481 657 542 detrahit
679 482 777 542 bilem.
813 481 992 543 Cucurbitae
1012 483 1164 546 domesti-

139 589 191 632 cae
215 589 306 632 sucus
329 571 502 650 cyathorum
525 573 618 630 trium
636 589 704 631 cum
723 572 784 630 rini
803 570 862 630 albi
879 570 1017 632 calefacti
1035 571 1162 634 hemina

139 660 226 720 datus
254 668 285 720 et
311 659 370 720 olei
397 661 550 719 semuncia
577 659 708 719 detrahit
733 661 871 738 pituitam
903 668 934 720 et
963 659 1072 742 bilem,
1108 663 1185 724 sads

138 757 269 828 oportet,
300 746 410 827 quibus
436 746 494 808 hoc
521 750 727 826 purgatorium
750 749 851 828 datur,
878 756 913 808 ut
935 757 1042 826 postea
1067 769 1161 830 quam

87 853 120 902 lo
139 837 301 916 plurimum
329 834 527 896 deambulent
567 835 737 896 Damasonii
764 837 849 897 radix
875 836 1006 897 detrabit
1032 856 1161 900 sursum

139 924 338 1002 deorsumque
357 926 494 1002 pituitam
512 932 600 1004 atque
620 924 709 985 bilem
729 934 760 986 et
778 942 816 985 ex
833 927 902 984 rino
920 933 951 985 et
964 944 1044 1004 aqua
1059 927 1160 989 mulsa

139 1012 219 1093 data;
238 1012 290 1072 sed
309 1014 335 1071 si
353 1030 409 1090 per
426 1012 514 1073 sellas
533 1013 626 1092 aliqui
643 1015 737 1092 magis
755 1013 882 1074 voluerit
894 1016 1028 1094 purgari,
1047 1033 1159 1078 sucum

86 1117 118 1165 17
139 1109 247 1179 sumat,
271 1102 299 1160 si
324 1119 444 1163 sursum
472 1120 591 1183 versus,
617 1101 734 1163 radices
761 1104 826 1162 eius
853 1103 988 1180 accipiat
1035 1103 1159 1166 veratri
1170 1120 1192 1160 u

137 1191 218 1268 nigri
240 1188 349 1250 radicis
373 1188 399 1249 Χ
422 1192 556 1251 semissis
578 1199 609 1251 et
632 1192 697 1252 eius
715 1193 803 1251 tertia
822 1192 920 1270 portio
938 1197 1010 1268 pota
1028 1209 1068 1252 ex
1090 1196 1158 1254 rino

138 1296 224 1356 passo
253 1297 306 1357 per
333 1277 420 1339 sellas
448 1278 577 1340 detrahit
604 1279 708 1359 bilem,
735 1282 846 1340 veratri
872 1297 942 1339 vero
970 1297 1068 1340 sucus
1099 1282 1159 1343 albi

137 1367 173 1427 ad
198 1385 365 1428 mensuram
390 1367 505 1427 denarii
526 1370 616 1429 unitis
639 1376 729 1447 potus
747 1387 784 1428 ex
802 1386 890 1446 passo
913 1367 1046 1429 detrahit
1065 1373 1158 1448 pitui-

85 1469 118 1518 18
138 1464 196 1515 tam
216 1463 245 1516 et
263 1474 317 1535 per
337 1459 479 1516 vomitum
499 1465 529 1517 et
547 1475 602 1536 per
620 1456 716 1517 sellas.
743 1455 925 1536 Chamelaea,
943 1474 1021 1535 quae
1041 1458 1158 1521 dicitur

137 1547 225 1604 restis
239 1544 343 1625 olivae,
358 1563 464 1623 aquam
479 1544 617 1624 detrahit,
631 1545 748 1606 calfacit
761 1547 841 1605 enim
854 1544 1032 1626 plurimum3
1048 1548 1189 1609 eademst

136 1633 259 1710 prodest
281 1633 452 1712 hydropicis
472 1643 503 1693 et
521 1633 717 1712 elephantiam
736 1633 923 1713 habentibus,
946 1636 973 1693 si
996 1637 1069 1712 quis
1090 1639 1157 1698 eius

135 1723 258 1781 seminis
285 1739 376 1798 grana
403 1739 528 1781 numero
552 1720 606 1780 XX
634 1722 751 1782 dederit
775 1741 811 1782 ex
834 1740 910 1800 aqua
932 1721 1043 1803 mulsa,
1074 1727 1155 1787 eius·

135 1809 202 1869 dem
223 1808 291 1869 lolia
312 1817 413 1870 tenera
432 1812 503 1870 trita
521 1819 552 1871 et
570 1812 601 1870 in
615 1809 751 1888 globulos
765 1811 884 1871 redacta
897 1828 1004 1888 aquam
1019 1821 1155 1895 movent,

135 1900 160 1957 si
180 1900 247 1976 quis
266 1915 300 1957 ea
318 1915 373 1976 per
390 1916 479 1958 anum
498 1899 648 1978 iniecerit3
671 1907 798 1978 prosunt
818 1901 897 1959 enim
916 1905 947 1958 et
964 1899 1002 1959 ad
1022 1900 1155 1964 duritias

134 1988 246 2047 ventris
269 1986 408 2047 laxandas
432 1995 462 2047 et
484 1987 520 2047 ad
544 1987 664 2047 morbos
687 1989 856 2049 interaneos
880 1987 1083 2066 depellendos.
1166 2002 1190 2042 ao

83 2089 114 2137 19
222 2075 362 2154 Purgatio
385 2077 508 2156 ventris,
531 2094 607 2155 qnae
630 2075 701 2137 facit
723 2076 760 2136 ad
783 2076 952 2136 lumborum
976 2076 1100 2139 dolores
1123 2089 1156 2140 et

133 2164 169 2223 ad
198 2166 329 2225 omnium
358 2163 486 2224 febrium
514 2164 664 2224 molestias
691 2163 892 2245 depellendas,
922 2166 1034 2242 accipit
1060 2165 1154 2228 haec:

134 2250 306 2311 Soamoniae
322 2251 347 2310 Χ
361 2251 423 2329 llll,
442 2255 552 2312 veratri
570 2255 657 2331 nigri,
676 2255 767 2331 anesi,
785 2252 931 2332 afronitri,
947 2253 1035 2314 nardi
1050 2253 1152 2335 Syria·

133 2357 194 2418 cae,
213 2341 317 2419 casiae,
337 2342 473 2419 cinnami,
493 2341 678 2419 singulorum
698 2340 723 2399 Χ
741 2340 842 2421 binos3
860 2341 969 2401 dantur
986 2341 1062 2403 haec
1079 2347 1153 2405 trita

133 2439 163 2487 et
189 2429 279 2486 mixta
307 2445 376 2487 cum
399 2444 492 2506 aquae
516 2429 628 2490 mulsae
651 2429 784 2509 hemina,
812 2429 899 2491 datur
922 2430 1078 2492 interdum
1103 2433 1186 2494 velas

132 2535 168 2576 ox
192 2523 274 2575 aceto
298 2515 344 2574 vel
367 2534 403 2576 ex
426 2516 513 2577 melle
537 2518 580 2578 vel
605 2537 641 2578 ex
663 2536 739 2597 aqua
759 2517 833 2599 sola3
856 2517 947 2597 abigit
966 2519 1056 2580 ctiam
1078 2540 1152 2582 con·

131 2612 252 2683 ceptum
275 2604 392 2664 lerninis
416 2606 646 2685 praegnantibus
670 2606 780 2667 datum.

77 2707 111 2756 20
219 2693 359 2771 Purgatio
383 2697 496 2754 ventris
519 2694 611 2756 altera
629 2697 686 2756 sic:
711 2694 883 2756 Soamoniae
902 2694 928 2754 Χ
946 2693 1009 2775 Xll,
1034 2703 1152 2761 veratri

130 2785 207 2861 nigri
232 2782 256 2841 Χ
276 2781 353 2862 XVI,
382 2785 462 2842 croci
485 2781 511 2841 Χ
536 2783 571 2863 V,
600 2802 716 2863 myrrae
740 2783 765 2844 Χ
789 2783 852 2864 Vll,
881 2785 1011 2844 cinnami
1034 2783 1061 2844 Χ
1087 2786 1151 2870 Vll,

130 2873 248 2950 panacis
272 2870 297 2930 Χ
317 2869 390 2950 Vlll,
413 2872 525 2953 piperis
549 2871 574 2929 Χ
593 2871 625 2952 V,
649 2873 787 2933 alronitri
810 2871 835 2932 Χ
855 2872 905 2953 Vl,
928 2874 998 2933 trita
1019 2873 1099 2936 haee
1120 2886 1182 2938 eto

129 2963 158 3019 in
186 2960 339 3039 pulverem
369 2959 487 3019 redacta
516 2960 602 3020 melle
630 2970 877 3040 consparguntur.
919 2960 1012 3021 Datur
1037 2981 1076 3024 ex
1101 2965 1150 3027 his

130 3047 224 3108 lllS
249 3068 284 3109 ex
309 3066 402 3128 aqtrae
426 3048 550 3126 frigidae
574 3049 619 3110 vel
643 3050 754 3111 calidae
778 3050 891 3130 cyathis
915 3049 1021 3111 tribus.

80 3148 110 3196 ἰ
219 3138 261 3197 hd
286 3147 421 3198 ventrem
440 3137 596 3198 laxandum
616 3138 788 3200 cucurbitae
808 3139 955 3200 silvaticae
975 3142 1150 3204 interaneo-

128 3240 208 3303 rum,
241 3228 420 3304 scamoniae,
453 3225 587 3286 alronitri
624 3229 706 3306 paria
735 3228 866 3306 pondera
898 3230 929 3287 in
962 3246 1058 3289 unum
1089 3234 1148 3293 teri

218 3426 421 3484 adamaaonis.
485 3433 520 3483 14
539 3431 700 3486 chamuelea
717 3435 785 3501 pota
804 3449 884 3501 quae.
949 3436 981 3486 18
999 3432 1146 3503 globulos.
1207 3486 1209 3497 .

181 3497 310 3552 duricias.
384 3503 417 3551 25
437 3502 630 3566 squamulae.
703 3508 737 3559 26
756 3503 834 3559 abiit.
