2422 3878
499 82 740 148 -280—

114 245 196 306 croci
223 235 340 328 2111,
368 262 484 324 myrrae
511 243 717 324 troglodytidis
741 235 781 328 ,ιι
804 240 854 303 lit
898 240 1025 320 Colliges
1055 241 1133 305 haec

114 351 183 394 cum
202 350 277 411 aqua
296 339 347 393 aut
366 351 434 392 cum
453 334 519 392 vino
539 340 662 411 myrteo,
685 331 715 392 id
735 338 781 392 est
799 332 830 390 in
850 348 908 409 quo
927 330 1018 409 myrti
1037 329 1133 393 bacae

114 422 257 482 coxerint.
294 420 357 481 Hoc
380 422 477 499 ipsum
501 421 751 482 medicamentum
770 420 866 479 ventri
885 417 1066 500 adpositum,
1091 421 1133 481 ita

114 517 149 570 ut
172 516 274 570 ceroto
298 510 426 588 myrtino
450 507 618 589 colligatur,
646 507 794 586 epithema
817 507 1007 587 dysintericis
1037 510 1134 586 aptis·

113 598 223 662 simum
246 605 301 659 est.
1147 611 1160 654 s

59 697 95 746 33
204 686 345 747 Termine
362 684 544 763 patientibus
562 684 648 745 multi
666 691 800 745 ventrem
819 685 943 744 viventis
963 686 1062 745 anatis
1083 685 1135 747 ad·

114 781 231 854 ponunt
259 773 447 834 adfirmantes
475 775 602 834 transire
629 771 766 833 morbum
794 771 831 832 ad
858 779 974 833 anatem
1002 791 1135 854 eamque

115 865 205 942 mori,
229 861 307 940 quod
331 862 358 921 si
379 861 599 940 verpertilionis
618 862 761 940 sanguine
780 867 915 921 ventrem
927 859 1049 921 ‘oblinas
1070 871 1135 924 tor·

61 960 98 1011 34
116 951 233 1028 minosi,
255 951 287 1009 in
311 966 397 1010 omne
420 958 539 1028 tempus
562 950 663 1011 dolore
686 947 840 1009 relevabis.
877 947 909 1008 Si
931 950 963 1009 in
981 967 1059 1028 aqua
1080 951 1135 1013 fri·

115 1038 183 1117 gida
211 1037 411 1116 dysintericos
438 1039 530 1117 pedes
558 1056 653 1117 usque
682 1037 718 1097 ad
741 1036 879 1116 genicula
900 1044 1003 1116 ponat,
1027 1039 1084 1098 sed
1109 1042 1136 1100 si
1151 1053 1176 1092 1⁰

116 1144 177 1187 non
201 1124 390 1206 febricitabit,
414 1133 444 1186 et
468 1127 504 1187 de
523 1127 592 1187 vino
611 1133 730 1187 austero
748 1126 900 1204 potionem
919 1124 1136 1188 calidissimam

117 1213 208 1294 bibat,
232 1216 291 1275 cito
315 1214 475 1276 sanabitur.

63 1317 97 1367 ιι
206 1301 358 1363 Confectio
376 1304 581 1365 medicaminis
595 1303 664 1363 miri
678 1301 835 1362 adversum
851 1301 1057 1380 dysinteriam:
1076 1302 1136 1364 Te-

118 1400 193 1451 stam
216 1391 361 1471 locustae,
386 1391 416 1451 id
440 1399 486 1452 est
509 1391 589 1453 illam
611 1391 761 1469 spinosam
785 1388 830 1449 vel
853 1389 1029 1470 aculeatam,
1054 1408 1135 1469 quae

118 1488 164 1541 est
191 1481 272 1540 iuxta
300 1488 403 1558 caput,
431 1479 579 1540 conbures
607 1479 701 1539 nitide
730 1486 760 1539 et
786 1484 890 1556 postea
917 1485 1011 1558 teres,
1041 1481 1175 1540 utino

117 1570 327 1629 tenuissimum
350 1568 503 1645 pulverem
522 1567 648 1648 redigas,
671 1568 765 1628 etsie
785 1567 821 1647 ei,
845 1567 897 1645 qui
915 1567 1028 1626 ventris
1048 1566 1135 1629 iluxu

118 1656 165 1717 vel
192 1674 297 1716 rosura
324 1654 484 1735 laborabit,
511 1673 547 1715 ex
574 1656 642 1715 vino
665 1662 779 1736 vetere,
809 1656 834 1714 si
856 1673 917 1715 non
932 1653 1136 1737 ‘febricitabit,

119 1752 170 1805 aut
197 1746 223 1804 si
250 1742 412 1821 inaequalis
440 1702 510 1823 erlt,
545 1760 582 1802 ex
609 1742 703 1804 calida
730 1760 805 1822 aqua
834 1742 930 1823 dabis,
960 1745 1002 1803 ita
1030 1752 1067 1805 ut
1096 1745 1135 1805 de

119 1832 244 1912 singulis
272 1831 397 1893 locustis
424 1838 516 1892 testas
543 1830 674 1910 singulas
700 1832 832 1910 integras
858 1840 977 1893 exustas
998 1849 1055 1911 per
1079 1835 1136 1893 tri-

119 1922 210 1982 duum
234 1919 333 2000 bibat;
355 1921 430 1981 mire
454 1919 615 1981 sanabitur.
1151 1935 1178 1974 eo

65 2025 100 2072 36
208 2008 303 2069 Mellis
324 1965 484 2088 laeminam,
507 2009 568 2069 vini
585 2008 695 2068 veteris
714 2009 885 2088 sextarium,
907 2008 1021 2086 piperis
1039 2025 1136 2087 grana

119 2099 247 2159 ducenta
218 2104 351 2157 tteres
374 2096 532 2176 diligenter
555 2103 586 2156 et
608 2096 760 2157 conditum
781 2113 817 2155 ex
836 2095 883 2156 bis
901 2095 999 2156 tribus
1019 2099 1135 2174 specie·

119 2186 176 2246 bus
195 2186 287 2245 facies
305 2191 335 2244 et
351 2186 451 2244 ieiuno
466 2184 646 2263 dysinterico
666 2201 751 2244 mane
768 2183 909 2244 meralem
926 2183 1047 2244 calicem
1063 2186 1134 2247 cali·

119 2273 190 2334 dum
213 2272 335 2351 plenum
359 2271 451 2351 dabis,
476 2273 575 2332 statim
597 2271 746 2352 proderit,
769 2272 821 2333 sed
845 2273 871 2332 si
889 2289 1012 2333 necesse
1032 2273 1135 2355 fuerit,

120 2380 156 2422 ex
180 2379 214 2421 eo
238 2359 357 2419 condito
381 2360 481 2439 ipsum
502 2358 623 2437 plenum
646 2359 786 2420 meralem
809 2377 863 2439 per
885 2360 1018 2421 triduum
1038 2360 1134 2423 dabis.
1149 2373 1178 2414 2⁶

66 2464 100 2513 37
209 2447 308 2508 Laetis
331 2450 456 2527 capruni
476 2449 576 2508 statim
594 2448 683 2509 mulsi
701 2447 805 2527 grandi
823 2449 937 2525 potioni
955 2448 1076 2509 additur
1096 2450 1135 2511 de

123 2537 246 2616 coagulo
273 2536 400 2597 haedino
427 2537 585 2617 frustrum,
614 2544 756 2616 quantum
780 2535 911 2596 avellana
933 2535 1054 2615 grandis
1077 2546 1136 2621 est,

121 2628 200 2706 quod
228 2626 329 2704 digitis
354 2624 525 2687 medicinali
554 2633 584 2685 et
611 2624 718 2704 pollice
752 2623 901 2685 sublatum
928 2623 975 2685 vel
1006 2627 1136 2687 missum

120 2717 226 2777 iisdem
245 2716 345 2794 digitis
364 2720 606 2793 contemperatur
625 2722 655 2774 et
673 2712 761 2774 datur
778 2710 925 2773 laboranti
943 2713 1136 2797 dysinterico,

121 2806 192 2867 dum
211 2803 307 2864 adbuc
327 2803 403 2864 calet
421 2803 475 2886 lac,
499 2810 657 2881 antequam
676 2800 726 2861 illo
745 2800 867 2878 coagulo
887 2803 1061 2880 stringatur,
1079 2821 1137 2883 per
1151 2815 1178 2856 ιι

122 2895 268 2974 triduum3
288 2892 361 2953 baec
375 2893 457 2970 potio
472 2893 572 2952 ieiuno
587 2889 707 2951 dabitur
720 2895 824 2950 contra
837 2891 982 2951 orientem
996 2889 1136 2954 bibenda.

69 2995 103 3044 38
212 2981 372 3042 Surculum
392 2981 429 3042 de
448 2997 550 3041 ceraso
570 2978 701 3040 silvatica
720 2995 827 3039 exures
847 2984 877 3038 et
895 2978 932 3039 de
950 2985 1026 3039 testa
1041 2982 1137 3041 ostrei

122 3089 216 3149 aeque
245 3071 334 3131 iacies
363 3069 545 3149 paribusque
572 3069 723 3129 mensuris
752 3065 906 3146 pulverem
933 3069 1038 3127 tritum
1065 3086 1135 3130 cum

214 3227 227 3273 1
247 3220 349 3275 mirrea
368 3220 539 3290 trogloditis.
630 3225 646 3273 2
665 3218 750 3272 ιιιιιιι
840 3224 857 3272 3
876 3217 1012 3289 coxerint]
1037 3222 1136 3275 coctae

123 3290 228 3345 fuerint
249 3290 408 3346 &onorius
500 3288 762 3359 8vesper'all1oms
854 3292 887 3344 ιι
906 3305 1004 3344 rosuru
1021 3292 1137 3360 scripsi:

122 3377 229 3416 rasura.
276 3365 309 3413 19
327 3360 456 3430 lugustis.
502 3366 537 3414 26
556 3375 702 3442 captanus.
740 3364 773 3414 ιι
775 3359 925 3439 qnegulo.
962 3366 997 3416 ιι
1015 3360 1135 3419 hisdem.

123 3439 157 3486 30
177 3431 308 3502 quagulo.
380 3435 414 3485 32
434 3429 577 3484 surculum
594 3430 706 3499 scripsi:
725 3427 859 3485 sucinum.
