2422 3878
536 115 750 179 -18-

137 281 209 340 sitas
237 288 268 339 et
295 297 355 339 non
379 277 475 338 solum
497 280 634 357 antiquos
658 286 809 358 auctores,
832 296 886 357 per
910 296 984 356 qnos
1013 296 1151 338 consum·

137 374 235 429 matur
262 367 422 448 professio,
446 366 564 445 quidam
589 368 739 447 ignorant,
770 367 822 427 sed
850 368 936 427 etiam
966 368 1153 427 comminisci

84 463 119 512 10
138 456 210 517 falsa
233 457 270 517 de
294 458 330 516 iis
354 456 471 516 audent.
513 454 570 515 Ubi
598 458 677 515 enim
702 455 835 516 delectus
859 474 918 515 non
942 463 988 515 est
1010 473 1151 535 persona·

137 564 217 624 rum,
253 545 305 605 sed
334 544 438 604 eodem
466 543 553 603 modo
581 543 676 604 malus
704 544 859 623 bonusque
890 543 1029 624 habetur,
1062 544 1151 604 disci·

136 633 234 714 plinac
263 652 296 694 ac
327 640 425 693 sectae
458 631 624 692 observatio
656 634 747 713 perit,
781 633 919 711 quodque
952 634 1016 692 sine
1048 631 1179 692 labores

136 730 236 801 potest
255 723 427 799 contingere
446 721 585 799 idemque
601 720 774 800 dignitatem
790 731 878 799 atque
893 720 1051 781 utilitatem
1065 738 1150 798 prae·

138 819 217 872 stare
237 811 363 888 videtur,
382 810 412 870 id
431 828 510 870 unus
529 811 656 888 quisque
671 812 764 887 magis
779 810 922 889 sequitur.
957 808 1006 869 Sic
1020 816 1054 869 ut
1069 810 1150 888 quis-

138 918 195 979 que
224 899 316 979 volet,
345 897 433 958 saciet
460 899 645 959 medicinam.
688 897 836 969 Quosdam
865 900 943 957 enim
969 916 985 957 a
1009 915 1150 976 perverso

136 991 290 1069 proposito
318 1005 405 1047 nemo
433 995 533 1066 potest
555 1005 674 1047 morere
703 995 733 1048 et
759 1005 829 1047 sane
853 985 990 1046 omnibus
1014 987 1152 1065 permisit

136 1076 263 1137 liberum
284 1075 439 1136 arbitrium
459 1075 631 1154 magnitudo
649 1076 844 1153 professionis
863 1076 937 1135 eius.
969 1073 1078 1135 Multos
1098 1075 1151 1135 ita-
1164 1093 1190 1133 m

138 1182 195 1243 que
224 1164 485 1225 animadvertimus
513 1164 603 1224 unius
636 1165 816 1224 infirmitatis
848 1162 994 1223 sanandae
1027 1165 1152 1224 scientia

86 1258 118 1307 11
139 1252 247 1312 medici
260 1251 380 1330 plenum
398 1270 507 1313 nomen
523 1262 708 1313 consecutos.
728 1252 789 1312 Nos
802 1270 872 1312 vero
887 1251 922 1312 ab
938 1253 1023 1312 initio
1038 1260 1152 1313 rectam

138 1343 214 1400 viam
243 1342 338 1401 secuti
361 1340 433 1401 nihil
457 1343 542 1421 prius
569 1340 627 1418 [in]
652 1342 744 1401 totius
768 1342 839 1400 artis
859 1342 1064 1421 perceptione,
1093 1358 1152 1418 11111

137 1428 251 1489 homini
274 1431 467 1510 permittitur,
490 1429 697 1506 iudicavimus,
723 1430 790 1507 quia
814 1448 848 1489 ex
872 1428 926 1489 hac
951 1430 1047 1488 omnia
1073 1447 1151 1488 com-

136 1518 224 1579 moda
248 1526 462 1580 consecuturos
486 1536 541 1578 nos
560 1516 811 1596 existimabamus,
838 1535 898 1578 non
921 1517 1036 1578 medius
1060 1517 1149 1578 lidius
1163 1533 1188 1575 11

137 1614 196 1667 tam
229 1609 373 1685 pecuniae
406 1613 457 1666 aut
491 1606 602 1683 gloriae
635 1605 797 1685 cupiditate
831 1623 917 1684 quam
949 1607 1044 1685 ipsius
1077 1608 1151 1666 artis

139 1697 272 1756 scientia.
312 1694 451 1773 Magnum
480 1696 560 1753 enim
588 1701 617 1754 et
643 1712 730 1772 supra
755 1694 883 1754 hominis
906 1702 1043 1756 naturam
1066 1694 1151 1754 duxi-

136 1802 203 1844 mus
233 1801 321 1862 posse
349 1783 477 1860 aliquem
505 1784 585 1842 tueri
611 1782 657 1842 vel
684 1784 852 1861 reciperare
885 1801 969 1843 suam
1002 1790 1032 1843 et
1060 1785 1151 1843 tinius

137 1873 283 1949 cuiusque
310 1871 419 1932 bonam
446 1870 654 1933 valetudinem.
694 1870 796 1949 ltaque
825 1878 859 1931 ut
882 1873 991 1932 ceteris
1013 1871 1151 1950 partibus

137 1958 325 2041 disciplinae,
353 1961 394 2019 ita
421 1957 491 2020 huic
516 1977 647 2040 quoquc,
677 1978 752 2038 quae
780 1978 833 2038 per
856 1959 1071 2020 medicamenta
1094 1963 1189 2020 vir-o

137 2056 231 2108 tutem
262 2066 344 2108 suam
368 2047 500 2129 exhibet,
533 2050 650 2108 curiose
679 2049 842 2108 institimus
870 2066 905 2108 11
935 2051 1043 2130 magis,
1071 2049 1151 2129 qnod

137 2135 377 2215 percipiebamus
401 2138 432 2195 in
456 2135 519 2196 dies
543 2155 578 2196 ex
602 2155 658 2197 usu
682 2136 835 2214 proiectus
858 2139 936 2217 eius,
961 2155 1035 2217 quos
1059 2139 1152 2198 inter·

138 2224 210 2285 dnm
239 2243 328 2304 supra
356 2223 445 2284 fidem
479 2234 567 2303 atque
600 2226 769 2303 opinionem
800 2224 997 2302 plurimorum
1030 2225 1151 2286 exhibe-

84 2319 118 2368 12
138 2313 251 2374 bamus.
283 2312 342 2373 Sed
361 2312 432 2391 quid
451 2312 529 2373 ultra
548 2331 623 2390 opus
645 2320 691 2373 est
705 2312 831 2391 probare
846 2316 1048 2374 necessarium
1062 2333 1152 2376 nsum

139 2419 205 2462 esse
228 2400 525 2482 medicamentorum,
548 2403 707 2481 praecipue
731 2401 799 2483 tibi,
823 2404 875 2480 qui
898 2405 967 2481 quia
988 2404 1152 2483 percepisti
1164 2419 1187 2460 aa

138 2487 297 2550 utilitatem
331 2508 452 2570 eorum,
484 2489 596 2550 idcirco
629 2509 646 2550 a
677 2509 724 2550 me
757 2492 976 2569 conpositiones
1009 2492 1151 2570 quasdam

137 2575 261 2658 petisti?
302 2577 365 2657 ugo
389 2585 487 2638 autem
511 2596 624 2638 memor
647 2578 839 2639 humanitatis
863 2588 930 2640 tuae
953 2579 1151 2659 candorisque

138 2668 228 2726 animi
256 2668 314 2748 tui,
343 2684 431 2745 quem
460 2666 597 2727 omnibus
626 2666 745 2745 quidem
774 2666 944 2729 hominibus
968 2668 1151 2751 plenissime,

137 2754 209 2816 mihi
229 2757 317 2815 etiam
336 2754 527 2834 peculiariter
544 2764 686 2835 praestas,
711 2774 771 2816 non
789 2756 884 2816 solum
904 2775 978 2835 quae
998 2757 1152 2819 desideras

136 2845 276 2927 remedia,
300 2863 403 2905 verum
428 2844 517 2904 etiam
540 2845 566 2903 si
590 2863 646 2923 qua
671 2844 725 2905 alia
745 2844 781 2905 de
800 2847 930 2923 expertis
950 2847 980 2905 in
998 2849 1187 2923 praesentim

207 3054 222 3100 3
243 3050 276 3102 de
295 3049 343 3120 iis]
368 3050 421 3103 diis
442 3056 490 3105 111
509 3051 599 3105 littera
617 3052 637 3104 h
655 3067 741 3119 111111
758 3051 870 3120 scripta.
968 3057 983 3105 6
1002 3050 1149 3124 idemque]

136 3122 165 3172 et
182 3119 212 3172 in
231 3135 294 3186 quo.
395 3119 543 3188 dignit-atis
566 3139 591 3176 a.
609 3120 748 3176 utilitatis.
848 3125 942 3190 tpost
958 3119 1072 3176 videtur
1090 3125 1149 3179 cod.

135 3191 198 3243 add.
218 3188 341 3258 utilitas,
368 3190 518 3245 Cossutius
536 3191 701 3259 aequalitas.
805 3192 857 3264 sic]
878 3191 935 3247 sed.
1035 3200 1051 3248 8
1071 3195 1151 3249 volet

136 3265 186 3315 111
209 3259 269 3314 vult
288 3267 347 3317 2m.
470 3265 504 3314 15
526 3262 633 3316 medios
655 3261 743 3317 fidios.
863 3269 896 3317 18
921 3262 1081 3332 reciperare
1101 3270 1151 3320 1111

133 3347 298 3399 recuperare
330 3337 389 3387 2m.
500 3337 532 3384 19
565 3331 755 3387 valetudinem
788 3339 838 3388 111
869 3333 1054 3390 valitudinem
1088 3341 1150 3393 2m.

134 3407 167 3455 21
187 3399 339 3456 institimus
362 3407 411 3456 111
433 3399 607 3456 instituimus
625 3408 684 3460 2m.
774 3421 807 3459 eo
830 3421 881 3460 om.
973 3410 1007 3459 25
1032 3406 1083 3475 qui
1100 3413 1152 3462 1111

134 3489 206 3541 quae
224 3479 283 3529 2m.
