2422 3878
527 101 765 197 -212'-

138 295 184 355 vel
212 295 354 356 maleticia
383 298 413 356 in
442 295 508 356 cibo
536 302 587 355 aut
612 296 644 354 in
667 295 838 375 potionibus
862 294 937 356 data.
980 293 1154 373 Compositio

139 403 210 462 ergo
230 386 294 444 eius
314 393 360 444 est
379 385 458 445 talis:
482 382 617 444 Feniculi
640 386 771 464 seminis,
791 385 908 463 cymini,
927 384 1057 461 guminis
1077 383 1155 445 Thc·

139 472 228 551 baici,
251 472 359 553 thymi,
383 472 476 551 pulei,
499 473 627 550 origani,
649 474 763 550 piperis
787 471 860 550 albi,
882 470 992 531 herbae
1017 471 1155 553 Sabinae,

139 561 316 642 petrosilini,
335 561 418 621 cedri
437 562 568 640 seminis,
586 559 819 639 chamaedropis,
838 561 934 620 casiae
953 559 1057 641 bonae,
1077 558 1156 622 lovis

140 649 258 730 barbae,
277 667 364 727 rapae
386 650 518 728 seminis,
536 648 757 728 nardostachys,
775 650 858 709 iunci
876 649 1007 727 seminis,
1027 649 1181 731 euforbi,5

140 738 241 800 echios
273 737 396 817 radicis,
427 736 484 798 hoc
516 746 563 797 est
594 737 752 816 capsellae,
781 738 895 817 cyperi,
923 737 1072 816 pyrethri,
1102 741 1156 800 tri·

140 826 204 887 folii
223 827 353 904 seminis,
378 825 456 904 quod
475 826 615 886 mulieres
634 833 760 887 utuntur
779 828 810 886 in
830 828 936 904 capite,
955 828 1073 906 amomi,
1094 846 1156 887 ser·

140 913 214 992 pulli
243 915 328 994 sicci,
357 916 524 996 gentianae,
552 914 738 975 aristolociae
766 914 883 994 longae,
913 922 998 974 rutae
1027 918 1156 992 agrestis

141 1003 277 1081 seminis,
300 1005 432 1062 omnium
457 1005 748 1081 suprascriptarum
773 1005 940 1080 specierum
963 1004 1069 1063 uncias
1097 1006 1155 1064 sin·

141 1090 238 1170 gulas,
265 1093 337 1151 item
360 1102 445 1152 rutae
469 1091 645 1170 radiculam,
673 1110 747 1170 quae
772 1091 840 1151 facit
865 1091 901 1150 ad
923 1109 1087 1169 porcorum
1111 1095 1194 1153 in·1o

141 1179 303 1256 commoda,
326 1181 394 1258 agni
417 1180 556 1260 radicem,
579 1180 762 1240 hociamsani
788 1182 849 1240 sive
873 1181 1053 1257 argimoniae
1079 1182 1157 1242 radi·

142 1285 215 1348 cem,
239 1268 416 1328 draconteae
439 1269 579 1350 radicem,
602 1287 678 1347 quae
701 1267 785 1328 radix
809 1275 854 1328 est
878 1270 962 1346 quasi
985 1276 1105 1331 costum
1127 1278 1157 1331 et

142 1354 217 1416 bene
232 1355 299 1437 olet,
314 1359 396 1417 acori
409 1358 548 1417 radicem.
578 1356 690 1418 Harum
706 1359 874 1435 specierum
889 1356 1021 1435 singulas
1036 1375 1158 1420 semun-

141 1445 202 1504 cias
230 1445 379 1523 adpendes
407 1453 437 1506 et
465 1446 563 1506 omnia
586 1445 633 1505 vel
660 1447 736 1505 inira
760 1444 806 1505 vel
833 1463 923 1524 supra
956 1447 1067 1524 scripta
1092 1447 1157 1507 dili·

141 1543 245 1611 genter
268 1542 356 1594 tunsa
380 1542 410 1595 et
432 1533 560 1594 cribrata
584 1536 614 1593 in
632 1533 786 1612 pulverem
806 1535 1015 1594 tenuissimum
1033 1535 1156 1614 rediges
1169 1548 1191 1590 ro

141 1639 175 1681 ao
194 1628 297 1701 postea
317 1641 385 1682 cum
403 1621 489 1682 melle
509 1623 615 1702 Attico,
635 1630 779 1700 quantum
798 1622 834 1681 ad
849 1621 1076 1700 spissitudinem
1096 1625 1157 1686 sui·

142 1710 230 1788 ficiat,
253 1710 447 1788 permiscebis
471 1719 559 1790 atque
584 1728 618 1770 ex
642 1729 676 1770 eo
701 1729 769 1771 cum
793 1728 868 1788 opus
887 1710 987 1792 fuerit,
1010 1720 1158 1790 quantum

142 1797 289 1858 avellanae
313 1806 358 1859 est
382 1799 592 1878 magnitudo,
584 1801 684 1859 ieiuno
708 1799 778 1859 darc
803 1798 933 1859 debebis,

90 1903 140 1952 116
231 1886 383 1947 Confectio
407 1890 483 1946 aceti
506 1887 552 1948 dia
575 1887 671 1948 scilliu
690 1888 726 1947 ad
745 1887 941 1966 digestionem
961 1894 990 1947 et
1010 1861 1159 1950 stomachi
1199 1908 1201 1915 ’

142 1977 212 2035 vitia
235 1977 291 2035 sic:
316 1974 434 2035 Scillam
458 1994 558 2035 sumes
582 1986 612 2036 et
634 1977 703 2036 inde
728 1974 813 2036 tolles
837 1975 996 2036 durissima
1016 1995 1154 2057 quaeque
1171 1991 1193 2031 ro

143 2071 173 2124 ct
194 2065 337 2143 proicies3
366 2064 472 2124 deinde
501 2066 599 2124 omnia
626 2067 788 2125 tenerrima
813 2063 952 2124 concides
975 2065 1100 2145 minute,
1127 2079 1160 2128 ut

142 2150 271 2211 habeant
288 2151 393 2211 libram
414 2155 511 2233 semis,
531 2172 654 2230 eamque
674 2153 796 2213 crudam
816 2154 924 2213 coicies
944 2155 974 2212 iu
994 2157 1073 2214 aceti
1089 2174 1159 2216 con-

142 2240 224 2316 gium
248 2257 340 2298 unum
364 2242 501 2299 acerrimi
525 2248 554 2300 et
578 2259 646 2301 cum
669 2240 721 2301 din
743 2251 890 2302 macerata
914 2242 1004 2301 luerit
1032 2250 1064 2303 et
1089 2263 1159 2305 con·

143 2325 266 2406 biberit,
293 2326 380 2387 tolles
408 2326 520 2387 scillam
544 2336 574 2388 et
597 2331 746 2407 exprimes
770 2330 859 2409 idque
883 2337 1001 2390 acetum
1022 2333 1159 2408 percola-

143 2413 190 2474 bis
214 2424 244 2474 et
267 2416 297 2474 iu
320 2433 371 2474 vas
394 2414 470 2476 hene
493 2419 622 2496 picatum
646 2436 772 2497 repones
796 2420 920 2497 eiusque
942 2420 1018 2479 aceti
1037 2421 1160 2481 ieiunus
1173 2436 1194 2477 25

143 2520 229 2562 manc
249 2505 275 2563 si
294 2503 415 2565 sorbeas
430 2504 544 2584 singula
559 2506 605 2566 vel
619 2506 687 2567 hina
703 2506 849 2586 cocliaria,
868 2507 1054 2567 stomachum
1075 2527 1160 2570 cura·

144 2590 191 2651 bis
219 2599 249 2652 et
273 2593 351 2672 quod
376 2593 411 2654 ad
436 2596 497 2655 oris
520 2594 592 2656 olidi
615 2595 812 2655 valetudinem
836 2595 962 2674 adtinet,
985 2594 1042 2656 hoo
1068 2599 1160 2659 medi·

144 2690 279 2742 cemento
308 2683 381 2742 odor
410 2683 503 2744 malus
530 2683 737 2744 emendabitur
766 2691 795 2743 et
823 2685 849 2743 si
877 2685 908 2743 in
936 2701 1007 2743 naso
1030 2685 1162 2765 polypus

145 2770 244 2850 scierit,
264 2771 319 2832 hoc
338 2780 422 2832 aceto
441 2772 617 2851 gargalizato
637 2774 771 2832 cicietur.
804 2770 889 2840 Quod
905 2771 1024 2850 quidem
1040 2784 1162 2836 acetum

146 2867 175 2919 et
198 2860 234 2919 ad
258 2860 421 2921 claritatem
446 2860 600 2922 oculorum
619 2861 704 2921 etad
723 2859 857 2920 auditum
877 2863 994 2920 aurium
1013 2865 1162 2940 optimum
1174 2877 1194 2918 oo

145 2957 199 3028 est,
219 2950 245 3007 si
265 2949 387 3009 adsidue
406 2952 622 3030 gargarizetur3
642 2949 677 3010 ad
697 2966 800 3008 vocem
820 2966 937 3027 quoque
958 2956 988 3009 et
1007 2949 1044 3009 ad
1065 2954 1162 3031 suspi-

145 3039 223 3095 rium
243 3044 272 3096 et
291 3038 327 3097 ad
347 3038 481 3116 splenem
500 3041 644 3118 optimum
663 3037 828 3098 remedium
844 3047 897 3098 est.
931 3037 963 3096 st
977 3039 1046 3116 quis
1061 3047 1162 3102 autem

235 3204 410 3261 tfaeniculi.
519 3208 649 3262 3bhimi.
671 3208 729 3275 phu
749 3208 909 3262 Ceruariue.
997 3213 1161 3265 tuamen

146 3273 329 3328 ohamedrosi
415 3277 642 3332 obarbararum.
732 3293 835 3333 semen
920 3277 1161 3336 nardostorachis.

147 3344 313 3400 bradicem.
387 3353 525 3403 isemen.
594 3348 685 3429 quod]
706 3365 760 3415 quo
782 3347 941 3405 obeamus.
1019 3354 1160 3408 9semen

148 3420 179 3466 11
200 3415 379 3471 hociamsani.
485 3423 517 3471 18
538 3417 623 3474 debis.
723 3425 756 3472 21
772 3425 837 3487 poet
855 3435 981 3488 quaeque
1001 3421 1068 3478 add.
1089 3424 1160 3478 sunh

144 3490 180 3538 22
198 3485 311 3542 habeat
378 3495 412 3544 23
433 3489 606 3544 combiberit.
680 3495 714 3544 25
733 3489 859 3559 picitum.
