2422 3878
524 131 820 218 -arcf

142 303 177 355 ut
204 293 369 355 resolutum
397 296 428 354 in
457 312 509 354 ore
537 302 670 374 teneant,
699 293 862 372 spleniticis
891 312 927 354 ex
950 312 1041 373 posca
1064 294 1163 376 dabis,

142 382 311 462 paralyticis
343 402 378 444 ex
412 402 488 463 aqua
515 382 623 463 calida,
654 382 828 460 praecordia
856 381 1025 443 dolentibus
1053 383 1162 445 itidem

144 490 179 530 ex
202 489 279 550 aqua
307 471 413 552 calida3
440 474 586 532 tortiones
613 473 725 531 ventris
751 474 802 550 qui
824 473 992 551 patiuntur,
1021 490 1058 531 ex
1083 491 1161 552 aqua

144 559 237 620 calida
268 560 367 641 dabis;
396 559 593 620 motiunculas
623 558 702 620 leves
736 562 788 639 qui
815 562 983 640 patiuntur,
1017 579 1053 620 ex
1084 579 1162 641 aqua

143 648 236 709 calida
264 648 356 724 dabis.
403 648 554 709 Secundas
582 650 671 708 etiam
694 647 882 729 mulieribus,
911 666 985 728 quae
1010 667 1046 708 ex
1069 658 1190 728 partus

143 738 190 797 vel
221 755 259 797 ex
290 736 396 797 abortu
424 739 635 817 remanserint,
668 736 803 816 discutit,
836 739 862 796 si
890 755 926 796 ex
953 752 1025 797 suco
1059 737 1162 798 faeno-

144 827 245 904 graeci
272 826 351 885 cocti
378 825 424 885 vel
451 843 487 885 ex
516 825 610 885 mulsa
638 824 800 885 bibendum
825 825 921 886 detur.
967 827 1162 904 Apostemata

67 909 68 912 ’
144 916 233 973 etiam
256 920 286 972 et
309 916 407 973 omnia
429 915 611 974 intrinsecus
631 913 753 974 collecta
774 921 919 992 expurgat
938 933 973 973 ex
992 913 1090 974 mulsa
1110 915 1161 975 da-

144 1009 207 1062 tum
227 1001 273 1061 vel
291 1019 329 1061 ex
346 1002 532 1080 faenograeci
551 1021 631 1063 suco.
665 1002 749 1062 Sicca
769 1021 839 1062 vero
858 1004 935 1062 tussi
953 1001 1162 1072 laborantibus

144 1107 180 1149 ex
208 1088 294 1150 melle
323 1090 385 1150 solo
414 1090 505 1151 dabis.
551 1090 594 1150 Ad
619 1109 707 1152 uvam
730 1090 890 1151 stillantem
913 1108 949 1150 ex
972 1090 1070 1151 mulsa
1094 1110 1162 1171 gar·
1177 1110 1202 1150 ro

145 1177 334 1256 garizandum
357 1178 455 1260 dabis,
483 1179 531 1239 his
558 1197 642 1258 vero,
672 1181 723 1258 qui
747 1179 853 1257 fungos
877 1186 1037 1238 venenatos
1062 1198 1164 1241 come·

145 1265 256 1346 derint,
285 1285 353 1327 cum
381 1266 532 1346 oxymellis
561 1268 674 1347 cyathis
702 1267 798 1328 tribus
822 1267 913 1328 dabis.
955 1266 1117 1328 Venenum>
1138 1273 1164 1330 si

146 1357 212 1433 quis
232 1354 354 1437 biberit,
373 1374 409 1416 ex
428 1374 499 1416 suco
518 1358 651 1434 ptisanae
670 1356 835 1416 resolutum
850 1357 983 1434 accipiat.
1015 1355 1047 1414 ln
1065 1360 1163 1417 omni-

143 1441 201 1503 bus
216 1461 285 1503 sane
300 1443 489 1522 passionibus
504 1444 604 1504 triduo
619 1446 761 1504 continuo
774 1442 870 1524 dabis3
885 1446 910 1504 si
923 1461 1047 1504 necesse
1058 1445 1165 1526 fuerit,

144 1533 254 1592 iterum
269 1531 325 1592 alio
340 1533 440 1593 triduo
456 1532 552 1612 dabis3
569 1531 707 1592 omnibus
722 1550 793 1592 sanc
808 1541 951 1611 quantum
967 1531 1050 1591 fabae
1066 1533 1202 1613 Aegy-15

143 1623 258 1698 ptiacae
283 1639 407 1699 granum
431 1630 477 1680 est
500 1620 592 1680 dabis,

92 1721 143 1770 129
234 1709 387 1770 Confectio
409 1710 540 1786 potionis
563 1709 599 1768 ad
623 1726 740 1768 omnem
769 1710 924 1769 sanitatem
952 1707 1035 1769 utilis
1065 1719 1097 1770 et
1125 1711 1162 1771 ad

144 1797 289 1857 stomachi
311 1797 566 1857 confirmationem
585 1799 693 1876 accipit
711 1797 797 1859 haec:
820 1795 911 1857 hauri
928 1796 1070 1857 bacarum
1090 1818 1163 1878 pur·

145 1893 277 1964 gatarum
301 1877 339 1928 -ὲ
356 1886 382 1966 l,
406 1903 522 1964 myrrae
541 1885 624 1966 -1,
647 1887 801 1964 gentianae
828 1915 864 1928 —
887 1885 909 1965 1,
932 1885 1087 1947 aristoloci
1114 1907 1163 1948 ro·

144 1974 230 2034 tundi
251 2007 289 2017 —
306 1973 332 2055 I;
350 1974 503 2054 pulverem
518 1976 726 2035 tenuissimum
747 1993 782 2035 ex
801 1974 848 2034 his
868 1973 1024 2051 speciebus
1039 1993 1162 2054 separa·
1176 1993 1201 2032 ao

144 2065 198 2122 tim
212 2065 310 2124 tunsis
325 2063 415 2123 facies
430 2071 460 2124 et
473 2070 575 2142 postea
589 2062 784 2141 permiscebis
799 2071 829 2123 et
843 2080 971 2141 repones
985 2070 1016 2123 et
1030 2082 1102 2124 cum
1117 2068 1163 2126 uti

144 2151 282 2230 volueris,
306 2151 439 2211 cocleare
457 2170 550 2212 unum
569 2170 637 2212 cum
657 2153 776 2228 potione
796 2150 907 2211 calidae
927 2169 1019 2230 aquae
1037 2153 1162 2214 ieiunus

144 2239 272 2315 accipies
292 2245 322 2297 et
339 2240 524 2317 interpositis
541 2238 646 2299 diebus
665 2257 733 2298 cum
752 2239 881 2300 volueris
895 2241 1004 2300 iterum
1020 2243 1162 2320 accipies.

143 2325 243 2385 Primo
269 2342 338 2385 vere
364 2335 462 2385 tamen
485 2328 610 2404 incipies
633 2327 688 2387 hac
707 2330 827 2406 potione
845 2329 890 2387 uti
909 2336 940 2389 et
957 2328 1066 2388 deinde
1089 2349 1163 2409 quo·

143 2412 231 2473 modo
255 2411 383 2473 volueris
405 2431 461 2491 per
483 2421 618 2494 tempora
640 2415 740 2476 triduo
764 2418 905 2476 continuo
929 2418 1032 2477 uteris.
1176 2435 1200 2478 as

90 2516 143 2564 130
232 2500 418 2584 Antidotum,
445 2504 525 2581 quod
548 2503 619 2564 lacit
642 2503 678 2564 ad
701 2523 803 2564 omnes
827 2504 945 2565 dolores
968 2507 1106 2566 internos
1132 2517 1164 2568 et

144 2591 179 2650 ad
210 2591 396 2652 stomachum
419 2593 668 2672 confirmandum,
696 2594 803 2671 recipit
826 2593 912 2653 haec:
944 2593 1012 2673 Apii
1034 2599 1163 2657 seminis

144 2671 183 2765 ᾖ
204 2678 284 2760 ΧΧΙ,
313 2680 412 2742 anethi
440 2682 562 2742 seminis
586 2674 736 2767 pvllll,
760 2684 887 2742 castorei
910 2674 950 2768 ἓ
971 2681 1020 2762 VI,
1043 2685 1163 2762 piperis

144 2761 252 2855 2111,
276 2771 336 2848 opii
361 2762 400 2855 91
420 2769 469 2851 lll,
493 2788 608 2849 myrrae
632 2761 741 2855 2111.
778 2769 857 2830 Haec
881 2773 978 2830 omnia
998 2775 1163 2848 separatim

143 2860 251 2919 tundes
271 2867 301 2920 et
320 2877 355 2918 ex
375 2858 461 2919 melle
476 2861 588 2937 optimo
603 2856 783 2936 temperabis
804 2867 834 2919 et
852 2877 920 2919 cum
936 2859 1065 2919 volueris
1087 2861 1161 2922 dare
1176 2880 1198 2919 so

142 2949 302 3027 potionem,
321 2949 352 3006 in
371 2947 492 3008 modum
512 2946 595 3007 labae
614 2946 749 3026 globulos
769 2947 860 3007 facies
880 2955 910 3008 et
928 2947 1012 3007 dabis
1032 2965 1069 3007 ex
1090 2969 1161 3011 con·

143 3036 204 3095 dito
229 3039 290 3096 sive
314 3038 383 3096 vino
407 3045 515 3117 vetere,
539 3035 591 3097 sed
615 3037 641 3095 si
659 3035 881 3117 febricitaverit,
905 3053 941 3095 ex
960 3035 1052 3096 calida
1074 3056 1161 3117 aqua.

142 3121 222 3182 Haec
242 3124 389 3184 conlectio
409 3125 519 3186 dicitur
538 3125 702 3205 athanasia;
723 3125 793 3185 lacit
810 3124 847 3185 ad
867 3124 968 3185 lateris
987 3132 1018 3185 et
1036 3125 1073 3186 ad
1094 3127 1162 3208 coli,

142 3212 303 3288 praecipue
327 3211 363 3271 ad
387 3211 532 3272 stomachi
555 3211 695 3272 dolorem.

232 3344 430 3413 2paraliticis.
517 3349 551 3401 ta
570 3344 717 3400 oximellis.
801 3353 833 3401 13
852 3346 967 3415 pisinue.
1042 3353 1079 3402 14
1096 3355 1161 3419 post

143 3413 320 3483 passionibus
340 3416 403 3470 add.
424 3415 497 3470 sunt.
563 3420 596 3469 19
614 3416 725 3472 mirrae.
792 3417 935 3472 aristoloei
954 3418 1071 3473 rotundi
1090 3421 1160 3491 (sie).

143 3491 178 3540 26
196 3486 271 3540 fecit.
344 3491 378 3540 29
397 3485 507 3542 mirrae.
