<?xml version="1.0" encoding="UTF-8"?>
<!DOCTYPE html PUBLIC "-//W3C//DTD XHTML 1.0 Transitional//EN"
    "http://www.w3.org/TR/xhtml1/DTD/xhtml1-transitional.dtd">
<html xmlns="http://www.w3.org/1999/xhtml" xml:lang="en" lang="en">
 <head>
  <title>
</title>
<meta http-equiv="Content-Type" content="text/html;charset=utf-8" />
  <meta name='ocr-system' content='tesseract 3.04.00' />
  <meta name='ocr-capabilities' content='ocr_page ocr_carea ocr_par ocr_line ocrx_word'/>
</head>
<body>
  <div class='ocr_page' id='page_1' title='image "./marcellidemedic00helmgoog/marcellidemedic00helmgoog_0389.png"; bbox 0 0 2422 3878; ppageno 0'>
   <div class='ocr_carea' id='block_1_1' title="bbox 521 150 773 215">
    <p class='ocr_par' dir='ltr' id='par_1_1' title="bbox 521 150 773 215">
     <span class='ocr_line' id='line_1_1' title="bbox 521 150 773 215; baseline -0.004 -1"><span class='ocrx_word' id='word_1_1' title='bbox 521 188 558 197; x_wconf 94' lang='lat'>-</span> <span class='ocrx_word' id='word_1_2' title='bbox 607 150 671 215; x_wconf 83' lang='lat' dir='ltr'>arc</span> <span class='ocrx_word' id='word_1_3' title='bbox 718 185 773 194; x_wconf 86' lang='grc'>--</span> 
     </span>
    </p>
   </div>
   <div class='ocr_carea' id='block_1_2' title="bbox 20 308 1192 3563">
    <p class='ocr_par' dir='ltr' id='par_1_2' title="bbox 20 308 1192 1451">
     <span class='ocr_line' id='line_1_2' title="bbox 20 308 1157 392; baseline -0.001 -15"><span class='ocrx_word' id='word_1_4' title='bbox 20 308 23 313; x_wconf 66' lang='grc'><strong>’</strong></span> <span class='ocrx_word' id='word_1_5' title='bbox 80 327 114 377; x_wconf 74' lang='lat'>51</span> <span class='ocrx_word' id='word_1_6' title='bbox 224 313 400 373; x_wconf 84' lang='lat' dir='ltr'>Remedium</span> <span class='ocrx_word' id='word_1_7' title='bbox 423 313 459 373; x_wconf 96' lang='lat' dir='ltr'>ad</span> <span class='ocrx_word' id='word_1_8' title='bbox 479 312 638 392; x_wconf 80' lang='lat' dir='ltr'>podagram</span> <span class='ocrx_word' id='word_1_9' title='bbox 657 310 703 372; x_wconf 85' lang='lat' dir='ltr'>vel</span> <span class='ocrx_word' id='word_1_10' title='bbox 720 313 846 372; x_wconf 86' lang='lat' dir='ltr'>maxime</span> <span class='ocrx_word' id='word_1_11' title='bbox 865 311 901 371; x_wconf 96' lang='lat' dir='ltr'>ad</span> <span class='ocrx_word' id='word_1_12' title='bbox 920 311 1074 372; x_wconf 91' lang='lat' dir='ltr'>arthritim</span> <span class='ocrx_word' id='word_1_13' title='bbox 1096 316 1157 376; x_wconf 90' lang='lat' dir='ltr'>sic:</span> 
     </span>
     <span class='ocr_line' id='line_1_3' title="bbox 134 399 1156 481; baseline 0.001 -19"><span class='ocrx_word' id='word_1_14' title='bbox 134 403 218 471; x_wconf 77' lang='lat' dir='ltr'>Aceti</span> <span class='ocrx_word' id='word_1_15' title='bbox 246 404 351 480; x_wconf 93' lang='lat' dir='ltr'>optimi</span> <span class='ocrx_word' id='word_1_16' title='bbox 379 410 522 481; x_wconf 90' lang='lat' dir='ltr'>quantum</span> <span class='ocrx_word' id='word_1_17' title='bbox 551 399 691 479; x_wconf 90' lang='lat' dir='ltr'>volueris,</span> <span class='ocrx_word' id='word_1_18' title='bbox 707 399 799 478; x_wconf 49' lang='lat' dir='ltr'>¹quod</span> <span class='ocrx_word' id='word_1_19' title='bbox 823 400 928 461; x_wconf 93' lang='lat' dir='ltr'>melius</span> <span class='ocrx_word' id='word_1_20' title='bbox 957 402 1028 480; x_wconf 90' lang='lat' dir='ltr'>erit,</span> <span class='ocrx_word' id='word_1_21' title='bbox 1060 404 1087 462; x_wconf 95' lang='lat' dir='ltr'>si</span> <span class='ocrx_word' id='word_1_22' title='bbox 1118 421 1156 463; x_wconf 80' lang='lat' dir='ltr'>ex</span> 
     </span>
     <span class='ocr_line' id='line_1_4' title="bbox 134 488 1156 569; baseline 0.002 -20"><span class='ocrx_word' id='word_1_23' title='bbox 134 493 202 551; x_wconf 88' lang='lat' dir='ltr'>vino</span> <span class='ocrx_word' id='word_1_24' title='bbox 226 493 352 569; x_wconf 78' lang='lat' dir='ltr'>styptico</span> <span class='ocrx_word' id='word_1_25' title='bbox 372 491 472 568; x_wconf 84' lang='lat' dir='ltr'>luerit,</span> <span class='ocrx_word' id='word_1_26' title='bbox 494 488 569 549; x_wconf 90' lang='lat' dir='ltr'>telas</span> <span class='ocrx_word' id='word_1_27' title='bbox 588 506 771 567; x_wconf 90' lang='lat' dir='ltr'>aranearum,</span> <span class='ocrx_word' id='word_1_28' title='bbox 796 490 919 566; x_wconf 90' lang='lat' dir='ltr'>quaein</span> <span class='ocrx_word' id='word_1_29' title='bbox 939 505 1088 567; x_wconf 79' lang='lat' dir='ltr'><strong>cupresso</strong></span> <span class='ocrx_word' id='word_1_30' title='bbox 1108 493 1156 551; x_wconf 93' lang='lat' dir='ltr'>in·</span> 
     </span>
     <span class='ocr_line' id='line_1_5' title="bbox 134 575 1156 659; baseline 0.003 -22"><span class='ocrx_word' id='word_1_31' title='bbox 134 581 304 659; x_wconf 84' lang='lat' dir='ltr'><strong>veniuntur,</strong></span> <span class='ocrx_word' id='word_1_32' title='bbox 327 578 399 638; x_wconf 81' lang='lat' dir='ltr'>buxi</span> <span class='ocrx_word' id='word_1_33' title='bbox 423 578 608 638; x_wconf 83' lang='lat' dir='ltr'>summitates</span> <span class='ocrx_word' id='word_1_34' title='bbox 626 577 811 637; x_wconf 74' lang='lat' dir='ltr'>tenerrimae.</span> <span class='ocrx_word' id='word_1_35' title='bbox 847 575 926 637; x_wconf 90' lang='lat' dir='ltr'>llaec</span> <span class='ocrx_word' id='word_1_36' title='bbox 946 578 976 636; x_wconf 92' lang='lat' dir='ltr'>in</span> <span class='ocrx_word' id='word_1_37' title='bbox 996 576 1056 637; x_wconf 87' lang='lat' dir='ltr'>olla</span> <span class='ocrx_word' id='word_1_38' title='bbox 1077 597 1156 640; x_wconf 90' lang='lat' dir='ltr'>nova</span> 
     </span>
     <span class='ocr_line' id='line_1_6' title="bbox 134 665 1180 746; baseline 0.002 -19"><span class='ocrx_word' id='word_1_39' title='bbox 134 666 288 746; x_wconf 90' lang='lat' dir='ltr'>coquenda</span> <span class='ocrx_word' id='word_1_40' title='bbox 313 673 382 727; x_wconf 84' lang='lat' dir='ltr'>sunt</span> <span class='ocrx_word' id='word_1_41' title='bbox 405 665 586 744; x_wconf 71' lang='lat' dir='ltr'>diutissime,</span> <span class='ocrx_word' id='word_1_42' title='bbox 609 683 645 726; x_wconf 84' lang='lat' dir='ltr'>ex</span> <span class='ocrx_word' id='word_1_43' title='bbox 665 682 723 744; x_wconf 90' lang='lat' dir='ltr'>quo</span> <span class='ocrx_word' id='word_1_44' title='bbox 742 672 826 725; x_wconf 89' lang='lat' dir='ltr'>aceto</span> <span class='ocrx_word' id='word_1_45' title='bbox 845 683 933 743; x_wconf 91' lang='lat' dir='ltr'>posca</span> <span class='ocrx_word' id='word_1_46' title='bbox 953 668 1180 743; x_wconf 80' lang='lat' dir='ltr'>temperandae</span> 
     </span>
     <span class='ocr_line' id='line_1_7' title="bbox 134 752 1155 834; baseline 0.001 -19"><span class='ocrx_word' id='word_1_47' title='bbox 134 755 221 834; x_wconf 93' lang='lat' dir='ltr'>paulo</span> <span class='ocrx_word' id='word_1_48' title='bbox 249 756 347 814; x_wconf 91' lang='lat' dir='ltr'>acrior</span> <span class='ocrx_word' id='word_1_49' title='bbox 375 771 462 833; x_wconf 89' lang='lat' dir='ltr'>quam</span> <span class='ocrx_word' id='word_1_50' title='bbox 486 753 522 814; x_wconf 93' lang='lat' dir='ltr'>ad</span> <span class='ocrx_word' id='word_1_51' title='bbox 545 752 720 832; x_wconf 91' lang='lat' dir='ltr'>bibendum,</span> <span class='ocrx_word' id='word_1_52' title='bbox 748 771 784 812; x_wconf 82' lang='lat' dir='ltr'>ex</span> <span class='ocrx_word' id='word_1_53' title='bbox 807 771 865 832; x_wconf 90' lang='lat' dir='ltr'>qua</span> <span class='ocrx_word' id='word_1_54' title='bbox 888 770 978 832; x_wconf 88' lang='lat' dir='ltr'>posca</span> <span class='ocrx_word' id='word_1_55' title='bbox 1002 753 1050 813; x_wconf 89' lang='lat' dir='ltr'>vel</span> <span class='ocrx_word' id='word_1_56' title='bbox 1075 756 1155 816; x_wconf 92' lang='lat' dir='ltr'>cale·</span> 
     </span>
     <span class='ocr_line' id='line_1_8' title="bbox 134 840 1155 922; baseline 0 -18"><span class='ocrx_word' id='word_1_57' title='bbox 134 844 210 904; x_wconf 85' lang='lat' dir='ltr'>iacta</span> <span class='ocrx_word' id='word_1_58' title='bbox 233 842 280 902; x_wconf 89' lang='lat' dir='ltr'>vel</span> <span class='ocrx_word' id='word_1_59' title='bbox 303 841 422 922; x_wconf 90' lang='lat' dir='ltr'>lrigida,</span> <span class='ocrx_word' id='word_1_60' title='bbox 446 849 535 919; x_wconf 88' lang='lat' dir='ltr'>prout</span> <span class='ocrx_word' id='word_1_61' title='bbox 559 859 647 902; x_wconf 90' lang='lat' dir='ltr'>causa</span> <span class='ocrx_word' id='word_1_62' title='bbox 670 841 877 920; x_wconf 86' lang='lat' dir='ltr'>postulaverit,</span> <span class='ocrx_word' id='word_1_63' title='bbox 906 840 1027 901; x_wconf 89' lang='lat' dir='ltr'>lavanda</span> <span class='ocrx_word' id='word_1_64' title='bbox 1059 861 1155 904; x_wconf 93' lang='lat' dir='ltr'>mem-</span> 
     </span>
     <span class='ocr_line' id='line_1_9' title="bbox 133 929 1155 1010; baseline 0.001 -19"><span class='ocrx_word' id='word_1_65' title='bbox 133 931 200 1010; x_wconf 93' lang='lat' dir='ltr'>bra,</span> <span class='ocrx_word' id='word_1_66' title='bbox 228 930 285 990; x_wconf 92' lang='lat' dir='ltr'>hoc</span> <span class='ocrx_word' id='word_1_67' title='bbox 313 938 359 990; x_wconf 90' lang='lat' dir='ltr'>est</span> <span class='ocrx_word' id='word_1_68' title='bbox 383 930 482 991; x_wconf 90' lang='lat' dir='ltr'>arthra</span> <span class='ocrx_word' id='word_1_69' title='bbox 506 929 552 990; x_wconf 89' lang='lat' dir='ltr'>vel</span> <span class='ocrx_word' id='word_1_70' title='bbox 574 931 752 1009; x_wconf 85' lang='lat' dir='ltr'>iuncturae,</span> <span class='ocrx_word' id='word_1_71' title='bbox 768 947 843 1008; x_wconf 91' lang='lat' dir='ltr'>quae</span> <span class='ocrx_word' id='word_1_72' title='bbox 866 929 982 1009; x_wconf 88' lang='lat' dir='ltr'>dolent,</span> <span class='ocrx_word' id='word_1_73' title='bbox 1008 939 1039 990; x_wconf 90' lang='lat' dir='ltr'>et</span> <span class='ocrx_word' id='word_1_74' title='bbox 1064 931 1155 992; x_wconf 90' lang='lat' dir='ltr'>deor-</span> 
     </span>
     <span class='ocr_line' id='line_1_10' title="bbox 134 1016 1154 1098; baseline 0.003 -20"><span class='ocrx_word' id='word_1_75' title='bbox 134 1037 212 1097; x_wconf 89' lang='lat' dir='ltr'>sum,</span> <span class='ocrx_word' id='word_1_76' title='bbox 246 1017 275 1078; x_wconf 94' lang='lat' dir='ltr'>id</span> <span class='ocrx_word' id='word_1_77' title='bbox 309 1026 355 1078; x_wconf 86' lang='lat' dir='ltr'>est</span> <span class='ocrx_word' id='word_1_78' title='bbox 381 1037 451 1080; x_wconf 91' lang='lat' dir='ltr'>cum</span> <span class='ocrx_word' id='word_1_79' title='bbox 477 1030 597 1079; x_wconf 89' lang='lat' dir='ltr'>umeros</span> <span class='ocrx_word' id='word_1_80' title='bbox 625 1017 671 1078; x_wconf 92' lang='lat' dir='ltr'>vel</span> <span class='ocrx_word' id='word_1_81' title='bbox 698 1017 798 1078; x_wconf 91' lang='lat' dir='ltr'>cubita</span> <span class='ocrx_word' id='word_1_82' title='bbox 824 1016 943 1098; x_wconf 91' lang='lat' dir='ltr'>laveris,</span> <span class='ocrx_word' id='word_1_83' title='bbox 964 1019 1012 1083; x_wconf 77' lang='lat' dir='ltr'>,ad</span> <span class='ocrx_word' id='word_1_84' title='bbox 1042 1037 1154 1081; x_wconf 91' lang='lat' dir='ltr'>manus</span> 
     </span>
     <span class='ocr_line' id='line_1_11' title="bbox 134 1106 1192 1185; baseline 0.003 -18"><span class='ocrx_word' id='word_1_85' title='bbox 134 1124 264 1167; x_wconf 91' lang='lat' dir='ltr'>summas</span> <span class='ocrx_word' id='word_1_86' title='bbox 292 1106 338 1166; x_wconf 86' lang='lat' dir='ltr'>vel</span> <span class='ocrx_word' id='word_1_87' title='bbox 367 1106 402 1167; x_wconf 90' lang='lat' dir='ltr'>ad</span> <span class='ocrx_word' id='word_1_88' title='bbox 430 1106 521 1185; x_wconf 92' lang='lat' dir='ltr'>pedes</span> <span class='ocrx_word' id='word_1_89' title='bbox 554 1124 685 1167; x_wconf 92' lang='lat' dir='ltr'>summos</span> <span class='ocrx_word' id='word_1_90' title='bbox 718 1106 962 1184; x_wconf 90' lang='lat' dir='ltr'>destringendum</span> <span class='ocrx_word' id='word_1_91' title='bbox 995 1107 1154 1169; x_wconf 87' lang='lat' dir='ltr'>deducen-</span> <span class='ocrx_word' id='word_1_92' title='bbox 1168 1129 1192 1169; x_wconf 80' lang='lat' dir='ltr'>ro</span> 
     </span>
     <span class='ocr_line' id='line_1_12' title="bbox 133 1194 1153 1275; baseline 0.002 -20"><span class='ocrx_word' id='word_1_93' title='bbox 133 1195 264 1273; x_wconf 90' lang='lat' dir='ltr'>dumque</span> <span class='ocrx_word' id='word_1_94' title='bbox 288 1195 485 1275; x_wconf 88' lang='lat' dir='ltr'>medicamen;</span> <span class='ocrx_word' id='word_1_95' title='bbox 514 1203 616 1273; x_wconf 92' lang='lat' dir='ltr'>postea</span> <span class='ocrx_word' id='word_1_96' title='bbox 641 1212 711 1254; x_wconf 89' lang='lat' dir='ltr'>vero</span> <span class='ocrx_word' id='word_1_97' title='bbox 736 1211 824 1272; x_wconf 88' lang='lat' dir='ltr'>quam</span> <span class='ocrx_word' id='word_1_98' title='bbox 847 1194 902 1254; x_wconf 94' lang='lat' dir='ltr'>hac</span> <span class='ocrx_word' id='word_1_99' title='bbox 926 1213 1016 1272; x_wconf 90' lang='lat' dir='ltr'>posca</span> <span class='ocrx_word' id='word_1_100' title='bbox 1039 1195 1153 1258; x_wconf 89' lang='lat' dir='ltr'>laveris</span> 
     </span>
     <span class='ocr_line' id='line_1_13' title="bbox 134 1281 1182 1363; baseline 0.004 -21"><span class='ocrx_word' id='word_1_101' title='bbox 134 1282 276 1363; x_wconf 89' lang='lat' dir='ltr'>membra,</span> <span class='ocrx_word' id='word_1_102' title='bbox 295 1301 369 1362; x_wconf 90' lang='lat' dir='ltr'>quae</span> <span class='ocrx_word' id='word_1_103' title='bbox 388 1282 479 1343; x_wconf 91' lang='lat' dir='ltr'>lavari</span> <span class='ocrx_word' id='word_1_104' title='bbox 497 1301 619 1343; x_wconf 90' lang='lat' dir='ltr'>necesse</span> <span class='ocrx_word' id='word_1_105' title='bbox 639 1289 693 1362; x_wconf 88' lang='lat' dir='ltr'>est,</span> <span class='ocrx_word' id='word_1_106' title='bbox 717 1281 847 1360; x_wconf 85' lang='lat' dir='ltr'>adpones</span> <span class='ocrx_word' id='word_1_107' title='bbox 868 1282 1001 1363; x_wconf 87' lang='lat' dir='ltr'>herbam,</span> <span class='ocrx_word' id='word_1_108' title='bbox 1021 1302 1101 1361; x_wconf 87' lang='lat' dir='ltr'>quae</span> <span class='ocrx_word' id='word_1_109' title='bbox 1121 1288 1154 1346; x_wconf 96' lang='lat' dir='ltr'>in</span> <span class='ocrx_word' id='word_1_110' title='bbox 1178 1289 1182 1300; x_wconf 85' lang='lat'>&#39;</span> 
     </span>
     <span class='ocr_line' id='line_1_14' title="bbox 134 1370 1153 1451; baseline 0.003 -20"><span class='ocrx_word' id='word_1_111' title='bbox 134 1389 227 1449; x_wconf 88' lang='lat' dir='ltr'>aquae</span> <span class='ocrx_word' id='word_1_112' title='bbox 246 1373 324 1450; x_wconf 89' lang='lat' dir='ltr'>iugis</span> <span class='ocrx_word' id='word_1_113' title='bbox 343 1371 472 1432; x_wconf 91' lang='lat' dir='ltr'>decursu</span> <span class='ocrx_word' id='word_1_114' title='bbox 491 1373 632 1450; x_wconf 89' lang='lat' dir='ltr'>nascitur,</span> <span class='ocrx_word' id='word_1_115' title='bbox 652 1389 741 1448; x_wconf 88' lang='lat' dir='ltr'>quam</span> <span class='ocrx_word' id='word_1_116' title='bbox 754 1370 858 1430; x_wconf 87' lang='lat' dir='ltr'>Latine</span> <span class='ocrx_word' id='word_1_117' title='bbox 872 1370 1015 1451; x_wconf 87' lang='lat' dir='ltr'>berulam,</span> <span class='ocrx_word' id='word_1_118' title='bbox 1034 1371 1153 1434; x_wconf 88' lang='lat' dir='ltr'>Graece</span> 
     </span>
    </p>

    <p class='ocr_par' dir='ltr' id='par_1_3' title="bbox 99 1458 1189 2773">
     <span class='ocr_line' id='line_1_15' title="bbox 99 1458 1154 1540; baseline 0.003 -21"><span class='ocrx_word' id='word_1_119' title='bbox 99 1502 101 1506; x_wconf 63' lang='grc'><em>»</em></span> <span class='ocrx_word' id='word_1_120' title='bbox 134 1459 323 1520; x_wconf 87' lang='lat' dir='ltr'>cardaminen</span> <span class='ocrx_word' id='word_1_121' title='bbox 355 1467 473 1540; x_wconf 72' lang='lat' dir='ltr'>vocant,</span> <span class='ocrx_word' id='word_1_122' title='bbox 506 1459 578 1519; x_wconf 91' lang='lat' dir='ltr'>haec</span> <span class='ocrx_word' id='word_1_123' title='bbox 611 1458 768 1537; x_wconf 89' lang='lat' dir='ltr'>diligenter</span> <span class='ocrx_word' id='word_1_124' title='bbox 800 1467 945 1537; x_wconf 84' lang='lat' dir='ltr'>purgatur</span> <span class='ocrx_word' id='word_1_125' title='bbox 978 1469 1009 1519; x_wconf 90' lang='lat' dir='ltr'>et</span> <span class='ocrx_word' id='word_1_126' title='bbox 1036 1464 1154 1522; x_wconf 87' lang='lat' dir='ltr'>teneri-</span> 
     </span>
     <span class='ocr_line' id='line_1_16' title="bbox 133 1546 1189 1627; baseline 0.003 -19"><span class='ocrx_word' id='word_1_127' title='bbox 133 1548 206 1609; x_wconf 92' lang='lat' dir='ltr'>tudo</span> <span class='ocrx_word' id='word_1_128' title='bbox 231 1550 296 1608; x_wconf 91' lang='lat' dir='ltr'>eius</span> <span class='ocrx_word' id='word_1_129' title='bbox 314 1548 451 1608; x_wconf 91' lang='lat' dir='ltr'>tunditur</span> <span class='ocrx_word' id='word_1_130' title='bbox 471 1556 500 1607; x_wconf 92' lang='lat' dir='ltr'>et</span> <span class='ocrx_word' id='word_1_131' title='bbox 518 1549 558 1607; x_wconf 91' lang='lat' dir='ltr'>ita</span> <span class='ocrx_word' id='word_1_132' title='bbox 578 1546 625 1606; x_wconf 88' lang='lat' dir='ltr'>vel</span> <span class='ocrx_word' id='word_1_133' title='bbox 643 1547 742 1625; x_wconf 90' lang='lat' dir='ltr'>tepida</span> <span class='ocrx_word' id='word_1_134' title='bbox 761 1547 806 1607; x_wconf 87' lang='lat' dir='ltr'>vel</span> <span class='ocrx_word' id='word_1_135' title='bbox 826 1547 940 1627; x_wconf 90' lang='lat' dir='ltr'>lrigida,</span> <span class='ocrx_word' id='word_1_136' title='bbox 959 1556 1050 1625; x_wconf 92' lang='lat' dir='ltr'>prout</span> <span class='ocrx_word' id='word_1_137' title='bbox 1072 1551 1152 1611; x_wconf 91' lang='lat' dir='ltr'>salu·</span> <span class='ocrx_word' id='word_1_138' title='bbox 1166 1571 1189 1611; x_wconf 84' lang='lat' dir='ltr'>u</span> 
     </span>
     <span class='ocr_line' id='line_1_17' title="bbox 133 1635 1153 1715; baseline 0.005 -19"><span class='ocrx_word' id='word_1_139' title='bbox 133 1636 218 1696; x_wconf 90' lang='lat' dir='ltr'>brius</span> <span class='ocrx_word' id='word_1_140' title='bbox 247 1644 305 1715; x_wconf 90' lang='lat' dir='ltr'>est,</span> <span class='ocrx_word' id='word_1_141' title='bbox 334 1635 445 1696; x_wconf 91' lang='lat' dir='ltr'>dolenti</span> <span class='ocrx_word' id='word_1_142' title='bbox 473 1637 504 1695; x_wconf 95' lang='lat' dir='ltr'>in</span> <span class='ocrx_word' id='word_1_143' title='bbox 532 1635 653 1695; x_wconf 94' lang='lat' dir='ltr'>modum</span> <span class='ocrx_word' id='word_1_144' title='bbox 681 1636 904 1713; x_wconf 84' lang='lat' dir='ltr'>cataplasmatis</span> <span class='ocrx_word' id='word_1_145' title='bbox 924 1636 1088 1714; x_wconf 93' lang='lat' dir='ltr'>adponitur</span> <span class='ocrx_word' id='word_1_146' title='bbox 1121 1646 1153 1700; x_wconf 89' lang='lat' dir='ltr'>et</span> 
     </span>
     <span class='ocr_line' id='line_1_18' title="bbox 133 1723 1153 1801; baseline 0.005 -17"><span class='ocrx_word' id='word_1_147' title='bbox 133 1725 181 1784; x_wconf 92' lang='lat' dir='ltr'>die</span> <span class='ocrx_word' id='word_1_148' title='bbox 205 1723 251 1784; x_wconf 90' lang='lat' dir='ltr'>bis</span> <span class='ocrx_word' id='word_1_149' title='bbox 275 1733 326 1784; x_wconf 91' lang='lat' dir='ltr'>aut</span> <span class='ocrx_word' id='word_1_150' title='bbox 348 1732 394 1783; x_wconf 93' lang='lat' dir='ltr'>ter</span> <span class='ocrx_word' id='word_1_151' title='bbox 417 1723 463 1784; x_wconf 89' lang='lat' dir='ltr'>vel</span> <span class='ocrx_word' id='word_1_152' title='bbox 487 1725 625 1801; x_wconf 88' lang='lat' dir='ltr'>quotiens</span> <span class='ocrx_word' id='word_1_153' title='bbox 644 1725 751 1784; x_wconf 91' lang='lat' dir='ltr'>siccari</span> <span class='ocrx_word' id='word_1_154' title='bbox 769 1727 902 1801; x_wconf 88' lang='lat' dir='ltr'>coeperit</span> <span class='ocrx_word' id='word_1_155' title='bbox 920 1725 1062 1784; x_wconf 89' lang='lat' dir='ltr'>mutanda</span> <span class='ocrx_word' id='word_1_156' title='bbox 1084 1729 1153 1788; x_wconf 86' lang='lat' dir='ltr'>erit.</span> 
     </span>
     <span class='ocr_line' id='line_1_19' title="bbox 134 1811 1152 1892; baseline 0.006 -21"><span class='ocrx_word' id='word_1_157' title='bbox 134 1812 216 1883; x_wconf 87' lang='lat' dir='ltr'>Quae</span> <span class='ocrx_word' id='word_1_158' title='bbox 241 1813 266 1872; x_wconf 94' lang='lat' dir='ltr'>si</span> <span class='ocrx_word' id='word_1_159' title='bbox 287 1811 428 1872; x_wconf 90' lang='lat' dir='ltr'>ruborem</span> <span class='ocrx_word' id='word_1_160' title='bbox 448 1812 561 1892; x_wconf 85' lang='lat' dir='ltr'>lecerit,</span> <span class='ocrx_word' id='word_1_161' title='bbox 584 1819 657 1872; x_wconf 90' lang='lat' dir='ltr'>tunc</span> <span class='ocrx_word' id='word_1_162' title='bbox 675 1814 769 1890; x_wconf 89' lang='lat' dir='ltr'>magis</span> <span class='ocrx_word' id='word_1_163' title='bbox 787 1812 935 1891; x_wconf 85' lang='lat' dir='ltr'>proluisse</span> <span class='ocrx_word' id='word_1_164' title='bbox 954 1812 1152 1892; x_wconf 84' lang='lat' dir='ltr'>intelligetur.</span> 
     </span>
     <span class='ocr_line' id='line_1_20' title="bbox 132 1899 1148 1979; baseline 0.005 -20"><span class='ocrx_word' id='word_1_165' title='bbox 132 1899 341 1960; x_wconf 81' lang='lat' dir='ltr'>Adhibendum</span> <span class='ocrx_word' id='word_1_166' title='bbox 364 1899 472 1960; x_wconf 91' lang='lat' dir='ltr'>dehinc</span> <span class='ocrx_word' id='word_1_167' title='bbox 495 1918 654 1979; x_wconf 80' lang='lat' dir='ltr'>parygrum</span> <span class='ocrx_word' id='word_1_168' title='bbox 673 1909 808 1960; x_wconf 89' lang='lat' dir='ltr'>cerotum</span> <span class='ocrx_word' id='word_1_169' title='bbox 826 1901 903 1960; x_wconf 84' lang='lat' dir='ltr'>inira</span> <span class='ocrx_word' id='word_1_170' title='bbox 921 1903 1069 1979; x_wconf 91' lang='lat' dir='ltr'>scriptum</span> <span class='ocrx_word' id='word_1_171' title='bbox 1090 1906 1148 1965; x_wconf 89' lang='lat' dir='ltr'>sic:</span> 
     </span>
     <span class='ocr_line' id='line_1_21' title="bbox 133 1987 1189 2070; baseline 0.001 -21"><span class='ocrx_word' id='word_1_172' title='bbox 133 1987 291 2067; x_wconf 84' lang='lat' dir='ltr'>Cerussae,</span> <span class='ocrx_word' id='word_1_173' title='bbox 316 2006 437 2066; x_wconf 91' lang='lat' dir='ltr'>spumae</span> <span class='ocrx_word' id='word_1_174' title='bbox 462 1991 590 2070; x_wconf 80' lang='lat' dir='ltr'>argenti,</span> <span class='ocrx_word' id='word_1_175' title='bbox 614 2007 699 2049; x_wconf 90' lang='lat' dir='ltr'>cerae</span> <span class='ocrx_word' id='word_1_176' title='bbox 722 1988 865 2069; x_wconf 87' lang='lat' dir='ltr'>Punicae,</span> <span class='ocrx_word' id='word_1_177' title='bbox 889 1988 947 2048; x_wconf 90' lang='lat' dir='ltr'>olei</span> <span class='ocrx_word' id='word_1_178' title='bbox 969 1991 1063 2070; x_wconf 92' lang='lat' dir='ltr'>rosei,</span> <span class='ocrx_word' id='word_1_179' title='bbox 1090 1991 1150 2052; x_wconf 93' lang='lat' dir='ltr'>olei</span> <span class='ocrx_word' id='word_1_180' title='bbox 1164 2012 1189 2050; x_wconf 84' lang='lat' dir='ltr'>ao</span> 
     </span>
     <span class='ocr_line' id='line_1_22' title="bbox 132 2076 1151 2158; baseline 0.005 -21"><span class='ocrx_word' id='word_1_181' title='bbox 132 2076 243 2158; x_wconf 85' lang='lat' dir='ltr'>mollis,</span> <span class='ocrx_word' id='word_1_182' title='bbox 270 2076 407 2137; x_wconf 86' lang='lat' dir='ltr'>lacrimas</span> <span class='ocrx_word' id='word_1_183' title='bbox 435 2095 566 2138; x_wconf 91' lang='lat' dir='ltr'>ovorum.</span> <span class='ocrx_word' id='word_1_184' title='bbox 607 2076 722 2137; x_wconf 91' lang='lat' dir='ltr'>Horum</span> <span class='ocrx_word' id='word_1_185' title='bbox 749 2079 882 2136; x_wconf 90' lang='lat' dir='ltr'>omnium</span> <span class='ocrx_word' id='word_1_186' title='bbox 909 2077 1042 2155; x_wconf 91' lang='lat' dir='ltr'>pondera</span> <span class='ocrx_word' id='word_1_187' title='bbox 1071 2098 1151 2158; x_wconf 81' lang='lat' dir='ltr'>qrrac</span> 
     </span>
     <span class='ocr_line' id='line_1_23' title="bbox 132 2164 1152 2245; baseline 0.006 -21"><span class='ocrx_word' id='word_1_188' title='bbox 132 2164 278 2243; x_wconf 91' lang='lat' dir='ltr'>placuerit</span> <span class='ocrx_word' id='word_1_189' title='bbox 305 2164 457 2245; x_wconf 70' lang='lat' dir='ltr'>miscebis,</span> <span class='ocrx_word' id='word_1_190' title='bbox 484 2166 591 2225; x_wconf 93' lang='lat' dir='ltr'>modus</span> <span class='ocrx_word' id='word_1_191' title='bbox 618 2167 697 2225; x_wconf 92' lang='lat' dir='ltr'>enim</span> <span class='ocrx_word' id='word_1_192' title='bbox 725 2183 785 2224; x_wconf 94' lang='lat' dir='ltr'>non</span> <span class='ocrx_word' id='word_1_193' title='bbox 814 2173 860 2226; x_wconf 91' lang='lat' dir='ltr'>est</span> <span class='ocrx_word' id='word_1_194' title='bbox 882 2164 1029 2226; x_wconf 82' lang='lat' dir='ltr'>delinitus</span> <span class='ocrx_word' id='word_1_195' title='bbox 1072 2168 1152 2230; x_wconf 86' lang='lat' dir='ltr'>Cera</span> 
     </span>
     <span class='ocr_line' id='line_1_24' title="bbox 132 2252 1151 2338; baseline 0.006 -27"><span class='ocrx_word' id='word_1_196' title='bbox 132 2255 262 2330; x_wconf 90' lang='lat' dir='ltr'>primum</span> <span class='ocrx_word' id='word_1_197' title='bbox 290 2254 321 2312; x_wconf 95' lang='lat' dir='ltr'>in</span> <span class='ocrx_word' id='word_1_198' title='bbox 349 2252 414 2312; x_wconf 94' lang='lat' dir='ltr'>oleo</span> <span class='ocrx_word' id='word_1_199' title='bbox 437 2252 519 2313; x_wconf 92' lang='lat' dir='ltr'>molli</span> <span class='ocrx_word' id='word_1_200' title='bbox 541 2253 653 2313; x_wconf 79' lang='lat' dir='ltr'>ferveat</span> <span class='ocrx_word' id='word_1_201' title='bbox 675 2260 735 2313; x_wconf 90' lang='lat' dir='ltr'>tam</span> <span class='ocrx_word' id='word_1_202' title='bbox 762 2252 826 2332; x_wconf 93' lang='lat' dir='ltr'>diu,</span> <span class='ocrx_word' id='word_1_203' title='bbox 850 2253 943 2314; x_wconf 91' lang='lat' dir='ltr'>donec</span> <span class='ocrx_word' id='word_1_204' title='bbox 967 2256 1151 2338; x_wconf 81' lang='lat' dir='ltr'>stringatur3</span> 
     </span>
     <span class='ocr_line' id='line_1_25' title="bbox 132 2338 1151 2426; baseline 0.007 -28"><span class='ocrx_word' id='word_1_205' title='bbox 132 2346 234 2418; x_wconf 93' lang='lat' dir='ltr'>postea</span> <span class='ocrx_word' id='word_1_206' title='bbox 261 2338 415 2418; x_wconf 87' lang='lat' dir='ltr'>pulverem</span> <span class='ocrx_word' id='word_1_207' title='bbox 442 2356 532 2417; x_wconf 90' lang='lat' dir='ltr'>supra</span> <span class='ocrx_word' id='word_1_208' title='bbox 560 2342 738 2418; x_wconf 90' lang='lat' dir='ltr'>scriptarum</span> <span class='ocrx_word' id='word_1_209' title='bbox 763 2343 929 2419; x_wconf 89' lang='lat' dir='ltr'>specierum</span> <span class='ocrx_word' id='word_1_210' title='bbox 944 2343 1151 2426; x_wconf 82' lang='lat' dir='ltr'>superaddes,</span> 
     </span>
     <span class='ocr_line' id='line_1_26' title="bbox 132 2425 1188 2494; baseline 0.008 -8"><span class='ocrx_word' id='word_1_211' title='bbox 132 2426 239 2486; x_wconf 91' lang='lat' dir='ltr'>deinde</span> <span class='ocrx_word' id='word_1_212' title='bbox 263 2425 361 2486; x_wconf 94' lang='lat' dir='ltr'>oleum</span> <span class='ocrx_word' id='word_1_213' title='bbox 386 2444 505 2486; x_wconf 90' lang='lat' dir='ltr'>roseum</span> <span class='ocrx_word' id='word_1_214' title='bbox 528 2427 574 2488; x_wconf 85' lang='lat' dir='ltr'>vel</span> <span class='ocrx_word' id='word_1_215' title='bbox 597 2427 733 2488; x_wconf 90' lang='lat' dir='ltr'>lacrimas</span> <span class='ocrx_word' id='word_1_216' title='bbox 757 2446 880 2490; x_wconf 88' lang='lat' dir='ltr'>ovorum</span> <span class='ocrx_word' id='word_1_217' title='bbox 903 2431 1083 2492; x_wconf 91' lang='lat' dir='ltr'>admiscebis</span> <span class='ocrx_word' id='word_1_218' title='bbox 1104 2442 1148 2494; x_wconf 90' lang='lat' dir='ltr'>at·</span> <span class='ocrx_word' id='word_1_219' title='bbox 1163 2454 1188 2494; x_wconf 78' lang='lat' dir='ltr'>ae</span> 
     </span>
     <span class='ocr_line' id='line_1_27' title="bbox 132 2514 1151 2600; baseline 0.007 -25"><span class='ocrx_word' id='word_1_220' title='bbox 132 2533 190 2594; x_wconf 89' lang='lat' dir='ltr'>que</span> <span class='ocrx_word' id='word_1_221' title='bbox 218 2517 259 2576; x_wconf 91' lang='lat' dir='ltr'>ita</span> <span class='ocrx_word' id='word_1_222' title='bbox 287 2514 363 2575; x_wconf 90' lang='lat' dir='ltr'>bene</span> <span class='ocrx_word' id='word_1_223' title='bbox 391 2517 498 2593; x_wconf 84' lang='lat' dir='ltr'>agitata</span> <span class='ocrx_word' id='word_1_224' title='bbox 526 2523 556 2577; x_wconf 89' lang='lat' dir='ltr'>et</span> <span class='ocrx_word' id='word_1_225' title='bbox 583 2517 673 2577; x_wconf 84' lang='lat' dir='ltr'>mixta</span> <span class='ocrx_word' id='word_1_226' title='bbox 701 2519 798 2577; x_wconf 91' lang='lat' dir='ltr'>omnia</span> <span class='ocrx_word' id='word_1_227' title='bbox 827 2518 1051 2597; x_wconf 88' lang='lat' dir='ltr'>subcoquantur</span> <span class='ocrx_word' id='word_1_228' title='bbox 1075 2523 1151 2600; x_wconf 88' lang='lat' dir='ltr'>igni</span> 
     </span>
     <span class='ocr_line' id='line_1_28' title="bbox 132 2603 1150 2688; baseline 0.007 -24"><span class='ocrx_word' id='word_1_229' title='bbox 132 2603 218 2676; x_wconf 85' lang='lat' dir='ltr'>Quod</span> <span class='ocrx_word' id='word_1_230' title='bbox 246 2604 429 2664; x_wconf 92' lang='lat' dir='ltr'>medicamen</span> <span class='ocrx_word' id='word_1_231' title='bbox 452 2607 629 2685; x_wconf 88' lang='lat' dir='ltr'>repositum,</span> <span class='ocrx_word' id='word_1_232' title='bbox 653 2623 721 2666; x_wconf 90' lang='lat' dir='ltr'>cum</span> <span class='ocrx_word' id='word_1_233' title='bbox 745 2624 868 2667; x_wconf 89' lang='lat' dir='ltr'>necesse</span> <span class='ocrx_word' id='word_1_234' title='bbox 897 2610 970 2688; x_wconf 91' lang='lat' dir='ltr'>erit,</span> <span class='ocrx_word' id='word_1_235' title='bbox 997 2609 1028 2668; x_wconf 95' lang='lat' dir='ltr'>in</span> <span class='ocrx_word' id='word_1_236' title='bbox 1052 2607 1150 2671; x_wconf 91' lang='lat' dir='ltr'>linteo</span> 
     </span>
     <span class='ocr_line' id='line_1_29' title="bbox 132 2692 806 2773; baseline 0.003 -20"><span class='ocrx_word' id='word_1_237' title='bbox 132 2692 251 2754; x_wconf 93' lang='lat' dir='ltr'>inlitum</span> <span class='ocrx_word' id='word_1_238' title='bbox 274 2692 417 2754; x_wconf 91' lang='lat' dir='ltr'>membris</span> <span class='ocrx_word' id='word_1_239' title='bbox 440 2693 609 2754; x_wconf 91' lang='lat' dir='ltr'>dolentibus</span> <span class='ocrx_word' id='word_1_240' title='bbox 633 2693 806 2773; x_wconf 89' lang='lat' dir='ltr'>adponetur.</span> 
     </span>
    </p>

    <p class='ocr_par' dir='ltr' id='par_1_4' title="bbox 77 2781 1190 3563">
     <span class='ocr_line' id='line_1_30' title="bbox 77 2781 1149 2864; baseline 0.006 -22"><span class='ocrx_word' id='word_1_241' title='bbox 77 2793 113 2843; x_wconf 77' lang='lat'>52</span> <span class='ocrx_word' id='word_1_242' title='bbox 222 2781 346 2842; x_wconf 84' lang='lat' dir='ltr'>Farinae</span> <span class='ocrx_word' id='word_1_243' title='bbox 365 2784 499 2843; x_wconf 87' lang='lat' dir='ltr'>triticeae</span> <span class='ocrx_word' id='word_1_244' title='bbox 518 2781 550 2842; x_wconf 65' lang='grc' dir='ltr'><em>θ</em></span> <span class='ocrx_word' id='word_1_245' title='bbox 565 2799 667 2862; x_wconf 90' lang='lat' dir='ltr'>unum,</span> <span class='ocrx_word' id='word_1_246' title='bbox 687 2782 775 2862; x_wconf 82' lang='lat' dir='ltr'>amyli</span> <span class='ocrx_word' id='word_1_247' title='bbox 793 2785 895 2843; x_wconf 91' lang='lat' dir='ltr'>uncias</span> <span class='ocrx_word' id='word_1_248' title='bbox 914 2791 1037 2864; x_wconf 92' lang='lat' dir='ltr'>septem,</span> <span class='ocrx_word' id='word_1_249' title='bbox 1057 2803 1149 2848; x_wconf 89' lang='lat' dir='ltr'>cerae</span> 
     </span>
     <span class='ocr_line' id='line_1_31' title="bbox 133 2863 1190 2951; baseline 0.008 -21"><span class='ocrx_word' id='word_1_250' title='bbox 133 2872 236 2931; x_wconf 91' lang='lat' dir='ltr'>uncias</span> <span class='ocrx_word' id='word_1_251' title='bbox 256 2878 378 2950; x_wconf 89' lang='lat' dir='ltr'>septem,</span> <span class='ocrx_word' id='word_1_252' title='bbox 400 2869 458 2930; x_wconf 93' lang='lat' dir='ltr'>olei</span> <span class='ocrx_word' id='word_1_253' title='bbox 476 2863 591 2931; x_wconf 90' lang='lat' dir='ltr'>rosacei</span> <span class='ocrx_word' id='word_1_254' title='bbox 610 2877 729 2951; x_wconf 91' lang='lat' dir='ltr'>aestate,</span> <span class='ocrx_word' id='word_1_255' title='bbox 753 2871 851 2930; x_wconf 90' lang='lat' dir='ltr'>hieme</span> <span class='ocrx_word' id='word_1_256' title='bbox 871 2878 969 2931; x_wconf 91' lang='lat' dir='ltr'>autem</span> <span class='ocrx_word' id='word_1_257' title='bbox 988 2870 1046 2931; x_wconf 91' lang='lat' dir='ltr'>olei</span> <span class='ocrx_word' id='word_1_258' title='bbox 1064 2892 1148 2936; x_wconf 89' lang='lat' dir='ltr'>com·</span> <span class='ocrx_word' id='word_1_259' title='bbox 1164 2897 1190 2938; x_wconf 85' lang='lat' dir='ltr'>eo</span> 
     </span>
     <span class='ocr_line' id='line_1_32' title="bbox 131 2957 1151 3039; baseline 0.006 -21"><span class='ocrx_word' id='word_1_260' title='bbox 131 2960 231 3019; x_wconf 93' lang='lat' dir='ltr'>munis</span> <span class='ocrx_word' id='word_1_261' title='bbox 254 2957 286 3018; x_wconf 61' lang='lat'>8*</span> <span class='ocrx_word' id='word_1_262' title='bbox 305 2957 318 3017; x_wconf 96' lang='lat' dir='ltr'>l</span> <span class='ocrx_word' id='word_1_263' title='bbox 340 2958 487 3039; x_wconf 83' lang='lat' dir='ltr'>italicum3</span> <span class='ocrx_word' id='word_1_264' title='bbox 515 2977 585 3020; x_wconf 91' lang='lat' dir='ltr'>sane</span> <span class='ocrx_word' id='word_1_265' title='bbox 613 2966 646 3019; x_wconf 92' lang='lat' dir='ltr'>ut</span> <span class='ocrx_word' id='word_1_266' title='bbox 674 2960 771 3038; x_wconf 90' lang='lat' dir='ltr'>passio</span> <span class='ocrx_word' id='word_1_267' title='bbox 795 2961 858 3037; x_wconf 92' lang='lat' dir='ltr'>ipsa</span> <span class='ocrx_word' id='word_1_268' title='bbox 882 2958 928 3018; x_wconf 89' lang='lat' dir='ltr'>vel</span> <span class='ocrx_word' id='word_1_269' title='bbox 951 2959 1076 3020; x_wconf 90' lang='lat' dir='ltr'>calidius</span> <span class='ocrx_word' id='word_1_270' title='bbox 1102 2964 1151 3024; x_wconf 90' lang='lat' dir='ltr'>vel</span> 
     </span>
     <span class='ocr_line' id='line_1_33' title="bbox 131 3046 1150 3128; baseline 0.007 -23"><span class='ocrx_word' id='word_1_271' title='bbox 131 3047 269 3124; x_wconf 87' lang='lat' dir='ltr'>frigidius</span> <span class='ocrx_word' id='word_1_272' title='bbox 297 3047 545 3123; x_wconf 84' lang='lat' dir='ltr'>medicamentum</span> <span class='ocrx_word' id='word_1_273' title='bbox 573 3048 670 3126; x_wconf 90' lang='lat' dir='ltr'>poscit</span> <span class='ocrx_word' id='word_1_274' title='bbox 697 3047 776 3128; x_wconf 87' lang='lat' dir='ltr'>fieri,</span> <span class='ocrx_word' id='word_1_275' title='bbox 803 3049 844 3108; x_wconf 91' lang='lat' dir='ltr'>ita</span> <span class='ocrx_word' id='word_1_276' title='bbox 868 3047 965 3107; x_wconf 86' lang='lat' dir='ltr'>iacias.</span> <span class='ocrx_word' id='word_1_277' title='bbox 1007 3046 1150 3111; x_wconf 88' lang='lat' dir='ltr'>Farinam</span> 
     </span>
     <span class='ocr_line' id='line_1_34' title="bbox 132 3134 1149 3215; baseline 0.005 -21"><span class='ocrx_word' id='word_1_278' title='bbox 132 3143 199 3194; x_wconf 90' lang='lat' dir='ltr'>ante</span> <span class='ocrx_word' id='word_1_279' title='bbox 224 3135 302 3194; x_wconf 90' lang='lat' dir='ltr'>diem</span> <span class='ocrx_word' id='word_1_280' title='bbox 325 3135 453 3196; x_wconf 89' lang='lat' dir='ltr'>inlusam</span> <span class='ocrx_word' id='word_1_281' title='bbox 472 3138 503 3196; x_wconf 94' lang='lat' dir='ltr'>in</span> <span class='ocrx_word' id='word_1_282' title='bbox 522 3154 615 3214; x_wconf 88' lang='lat' dir='ltr'>aquae</span> <span class='ocrx_word' id='word_1_283' title='bbox 634 3134 666 3195; x_wconf 66' lang='lat' dir='ltr'>e</span> <span class='ocrx_word' id='word_1_284' title='bbox 685 3134 821 3197; x_wconf 87' lang='lat' dir='ltr'>Italicum</span> <span class='ocrx_word' id='word_1_285' title='bbox 841 3153 1008 3215; x_wconf 82' lang='lat' dir='ltr'>concoquas</span> <span class='ocrx_word' id='word_1_286' title='bbox 1027 3137 1064 3196; x_wconf 94' lang='lat' dir='ltr'>ad</span> <span class='ocrx_word' id='word_1_287' title='bbox 1084 3156 1149 3199; x_wconf 92' lang='lat' dir='ltr'>mo-</span> 
     </span>
     <span class='ocr_line' id='line_1_35' title="bbox 131 3222 1148 3303; baseline 0.008 -22"><span class='ocrx_word' id='word_1_288' title='bbox 131 3222 203 3281; x_wconf 90' lang='lat' dir='ltr'>dum</span> <span class='ocrx_word' id='word_1_289' title='bbox 226 3222 329 3302; x_wconf 88' lang='lat' dir='ltr'>glutis,</span> <span class='ocrx_word' id='word_1_290' title='bbox 358 3231 460 3300; x_wconf 90' lang='lat' dir='ltr'>postea</span> <span class='ocrx_word' id='word_1_291' title='bbox 484 3224 611 3303; x_wconf 80' lang='lat' dir='ltr'>amylum</span> <span class='ocrx_word' id='word_1_292' title='bbox 636 3227 795 3302; x_wconf 89' lang='lat' dir='ltr'>separatim</span> <span class='ocrx_word' id='word_1_293' title='bbox 819 3227 923 3285; x_wconf 88' lang='lat' dir='ltr'>tritum</span> <span class='ocrx_word' id='word_1_294' title='bbox 946 3226 977 3283; x_wconf 94' lang='lat' dir='ltr'>in</span> <span class='ocrx_word' id='word_1_295' title='bbox 1001 3230 1148 3288; x_wconf 87' lang='lat' dir='ltr'>mortario</span> 
     </span>
     <span class='ocr_line' id='line_1_36' title="bbox 131 3312 1187 3392; baseline 0.01 -24"><span class='ocrx_word' id='word_1_296' title='bbox 131 3317 163 3368; x_wconf 90' lang='lat' dir='ltr'>et</span> <span class='ocrx_word' id='word_1_297' title='bbox 190 3327 287 3369; x_wconf 89' lang='lat' dir='ltr'>ceram</span> <span class='ocrx_word' id='word_1_298' title='bbox 315 3312 470 3370; x_wconf 90' lang='lat' dir='ltr'>remissam</span> <span class='ocrx_word' id='word_1_299' title='bbox 498 3313 529 3370; x_wconf 95' lang='lat' dir='ltr'>in</span> <span class='ocrx_word' id='word_1_300' title='bbox 558 3313 621 3372; x_wconf 92' lang='lat' dir='ltr'>oleo</span> <span class='ocrx_word' id='word_1_301' title='bbox 651 3314 843 3392; x_wconf 92' lang='lat' dir='ltr'>supermittes</span> <span class='ocrx_word' id='word_1_302' title='bbox 871 3320 900 3374; x_wconf 87' lang='lat' dir='ltr'>et</span> <span class='ocrx_word' id='word_1_303' title='bbox 928 3312 1017 3372; x_wconf 91' lang='lat' dir='ltr'>simul</span> <span class='ocrx_word' id='word_1_304' title='bbox 1046 3319 1148 3377; x_wconf 91' lang='lat' dir='ltr'>omnia</span> <span class='ocrx_word' id='word_1_305' title='bbox 1162 3337 1187 3378; x_wconf 72' lang='lat' dir='ltr'>aa</span> 
     </span>
     <span class='ocr_line' id='line_1_37' title="bbox 130 3395 1147 3480; baseline 0.009 -25"><span class='ocrx_word' id='word_1_306' title='bbox 130 3395 288 3474; x_wconf 92' lang='lat' dir='ltr'>diligenter</span> <span class='ocrx_word' id='word_1_307' title='bbox 317 3405 396 3458; x_wconf 90' lang='lat' dir='ltr'>teres</span> <span class='ocrx_word' id='word_1_308' title='bbox 430 3408 460 3458; x_wconf 89' lang='lat' dir='ltr'>et</span> <span class='ocrx_word' id='word_1_309' title='bbox 492 3417 560 3460; x_wconf 91' lang='lat' dir='ltr'>cum</span> <span class='ocrx_word' id='word_1_310' title='bbox 593 3419 668 3479; x_wconf 92' lang='lat' dir='ltr'>opus</span> <span class='ocrx_word' id='word_1_311' title='bbox 700 3401 805 3479; x_wconf 87' lang='lat' dir='ltr'>luerit,</span> <span class='ocrx_word' id='word_1_312' title='bbox 835 3400 964 3480; x_wconf 91' lang='lat' dir='ltr'>adpones</span> <span class='ocrx_word' id='word_1_313' title='bbox 993 3403 1024 3462; x_wconf 94' lang='lat' dir='ltr'>in</span> <span class='ocrx_word' id='word_1_314' title='bbox 1052 3402 1147 3465; x_wconf 88' lang='lat' dir='ltr'>linteo</span> 
     </span>
     <span class='ocr_line' id='line_1_38' title="bbox 136 3483 434 3563; baseline 0.017 -22"><span class='ocrx_word' id='word_1_315' title='bbox 136 3484 278 3563; x_wconf 77' lang='lat' dir='ltr'>podagrae</span> <span class='ocrx_word' id='word_1_316' title='bbox 303 3483 434 3546; x_wconf 87' lang='lat' dir='ltr'>cuilibet.</span> 
     </span>
    </p>
   </div>
   <div class='ocr_carea' id='block_1_3' title="bbox 0 0 1216 3878">
    <p class='ocr_par' dir='ltr' id='par_1_5' title="bbox 0 0 1216 3878">
     <span class='ocr_line' id='line_1_39' title="bbox 0 0 1216 3878; baseline 0 0"><span class='ocrx_word' id='word_1_317' title='bbox 0 0 1216 3878; x_wconf 95' lang='lat' dir='ltr'> </span> 
     </span>
    </p>
   </div>
  </div>
 </body>
</html>
