2422 3878
545 102 782 166 -144-

102 279 136 326 29
157 268 300 326 venietur.
346 265 462 326 Herbae
490 264 715 344 proserpinalis‚
744 283 819 343 quae
843 264 1027 324 dracontcon
1051 263 1161 345 dicitur,

157 356 301 415 contritae
321 372 392 414 suco
412 354 572 414 admisceto
593 352 699 413 salsam
713 370 818 432 aquam
834 360 863 412 et
877 350 935 412 olei
953 369 1063 431 parum
1081 359 1161 432 atquc

156 442 224 503 inde
248 442 378 520 linguam
402 450 530 521 atquae
554 449 624 502 sunt
649 444 728 501 circa
756 440 886 519 linguam
913 448 943 500 et
971 440 1076 501 fauces
1103 459 1161 519 pcr-

102 542 137 590 30
156 533 270 612 fricato,
289 532 384 591 donec
399 538 503 610 vomat,
523 533 571 591 cui
591 529 757 609 medebere,
777 532 836 590 cito
851 529 1013 590 sanabitur.
1043 528 1161 590 Alumcu

156 622 260 681 tritum
289 639 324 680 ex
352 637 441 698 posca
469 621 682 697 gargarizatum
711 620 835 696 anginae
863 616 1008 678 molestiis
1037 617 1181 696 prodesto

102 719 136 767 31
155 709 222 769 Lini
250 726 353 768 semen
381 718 411 768 et
439 707 578 767 anethum
606 725 675 767 cum
705 706 765 766 sale
794 717 824 767 et
851 705 916 766 oleo
944 715 975 767 et
1003 715 1090 767 aceto
1120 706 1163 767 dc·

102 808 136 854 32
156 804 273 858 coctum
301 797 377 856 bene
405 804 509 856 contra
532 796 662 855 faucium
684 794 801 855 dolores
825 794 1030 873 gargalizatur.
1077 793 1163 856 Nucis

155 884 303 964 iuglandis
330 884 429 945 nuclei
456 885 520 945 triti
548 902 615 943 cnm
644 890 710 944 ruta
739 892 769 944 et
797 882 861 943 oleo
885 885 1008 962 inpositi
1031 883 1163 944 saucibus

43 1023 48 1033 ,
101 983 135 1031 33
154 981 290 1052 prosunt.
326 972 479 1034 Ruborum
502 972 602 1032 caules
619 974 716 1032 teneri
734 980 873 1033 teruntur
892 990 1045 1050 sucusque
1064 990 1162 1033 eorum

156 1080 316 1140 expressus
343 1068 373 1121 et
396 1064 426 1122 in
451 1061 511 1121 sole
535 1062 712 1141 coagitatus,
739 1061 834 1122 donec
857 1062 1005 1139 spissatur
1027 1061 1066 1120 ad
1089 1077 1192 1122 cras-ro

157 1150 317 1209 situdinem
341 1148 448 1231 mellis,
477 1148 513 1208 ab
542 1151 686 1209 interiore
712 1157 796 1228 parte
824 1148 959 1210 lancibus
987 1156 1018 1208 et
1040 1152 1163 1228 gingivis

101 1247 137 1295 34
155 1238 258 1298 inlitus
281 1237 442 1317 plurimum
464 1237 595 1316 prodest.
634 1236 737 1298 Pullus
760 1237 929 1298 hirundinis
952 1236 1099 1298 silvestris
1122 1237 1164 1298 rel

154 1325 261 1387 melius
282 1328 307 1386 si
321 1324 486 1406 ripariolae,
505 1334 587 1385 certe
602 1328 690 1386 etiam
704 1325 891 1406 domesticae,
911 1343 997 1385 assus
1011 1325 1059 1385 vel
1074 1325 1163 1387 elixus

156 1422 306 1475 comestus
334 1416 470 1493 anginam
499 1413 684 1475 velocissime
713 1416 939 1492 certissimeque
967 1421 1065 1493 sanat,
1095 1414 1163 1475 adeo

154 1512 188 1564 ut
210 1503 360 1563 bominem
384 1502 420 1563 ab
443 1503 500 1564 hoc
523 1502 628 1563 morbo
651 1521 707 1581 per
729 1509 825 1562 totum
848 1520 959 1562 annum
982 1504 1163 1563 tutissimum
1175 1520 1194 1562 u

153 1599 292 1671 praestet.

100 1691 134 1737 35
243 1682 286 1740 Ad
307 1680 457 1759 parotidas
476 1679 620 1739 sedandas
640 1679 784 1758 asphodili
802 1678 913 1739 herbae
931 1679 1017 1740 radix
1035 1681 1164 1741 involuta

154 1769 218 1830 lana
247 1771 329 1829 lusca
358 1777 388 1828 et
415 1770 494 1828 circa
522 1767 631 1828 collum
661 1785 804 1846 suspensa
836 1767 970 1828 remedio
1003 1769 1164 1847 plurimum

100 1866 134 1913 36
154 1861 219 1919 erit.
242 1857 395 1917 Brassicae
411 1858 519 1933 stirpes
536 1854 611 1932 [sive
625 1853 756 1934 stipites]
771 1856 917 1916 arefactae
932 1856 978 1917 vel
993 1857 1163 1918 combustae

154 1953 183 2005 et
210 1948 241 2004 in
268 1945 421 2024 pulverem
446 1944 582 2004 redactae
608 1952 729 2004 etcum
752 1946 878 2022 axungia
902 1953 1001 2006 vetere
1025 1945 1196 2007 subactaen

108 2026 114 2039 ’
154 2042 242 2110 atque
270 2033 429 2111 emplastro
458 2031 583 2092 alutacio
610 2032 796 2111 parotidibus
823 2034 969 2111 inpositae
999 2037 1072 2094 satis
1098 2053 1163 2113 pro·

100 2127 134 2177 37
154 2130 233 2181 sunt.
274 2120 390 2198 Lupino
415 2121 508 2181 crudo
532 2120 617 2180 deme
640 2119 786 2181 folliculos
809 2129 898 2199 atque
922 2141 959 2182 ex
982 2141 1018 2182 eo
1041 2123 1164 2183 farinam

154 2211 359 2269 tenuissimam
383 2210 480 2291 facito,
505 2225 592 2288 quam
615 2208 701 2268 melle
726 2208 878 2270 subactam
897 2213 961 2270 vice
983 2210 1164 2290 malagmatis

155 2297 340 2376 parotidibus
364 2297 503 2378 adponas‚
524 2299 665 2358 continuo
685 2298 803 2359 dolores
822 2306 1015 2377 tumoresque
1035 2299 1164 2379 sedabis3

154 2386 233 2446 idem
256 2393 387 2464 praestat
411 2394 441 2446 et
465 2404 531 2446 cum
555 2394 639 2446 aceto
663 2386 804 2447 decoctus
828 2386 1024 2465 similiterque
1048 2388 1197 2466 adposin

101 2482 135 2530 38
154 2482 211 2535 tus
244 2474 341 2535 Herba
361 2474 490 2535 verbena
509 2493 577 2534 cum
595 2474 763 2553 plantagine
782 2477 813 2535 in
832 2493 884 2536 ore
903 2477 1030 2536 contrita
1050 2476 1164 2536 adiecto

154 2563 270 2623 modico
292 2564 360 2624 salis
379 2582 434 2642 pro
449 2562 608 2641 emplastro
622 2563 756 2642 adposita
775 2565 925 2642 parotidas
938 2565 1014 2624 mire
1029 2564 1165 2643 discutit3

156 2671 228 2731 quas
253 2669 320 2713 cum
344 2654 504 2733 aperuerit,
528 2650 660 2712 detracto
685 2651 745 2712 sale
764 2651 825 2712 sola
844 2655 971 2713 contrita
991 2661 1021 2713 ct
1037 2655 1165 2731 inposita

102 2749 135 2798 39
155 2741 292 2802 celeriter
320 2742 436 2802 sanabit
463 2759 518 2800 nec
542 2741 710 2800 cicatricem
734 2759 868 2820 magnam
892 2741 988 2802 saciet.
1032 2740 1165 2801 Noctuae

154 2832 237 2890 iecur
261 2829 418 2909 diligenter
443 2835 591 2889 servatum
615 2837 703 2907 atque
723 2847 759 2889 ex
777 2838 929 2907 unguento
949 2830 1074 2889 nardino
1094 2831 1199 2890 tritono

155 2919 295 2979 auriculis
315 2918 441 2979 subinde
460 2918 592 2977 inlusum
611 2916 749 2977 celeriter
766 2917 934 2995 parotidum
953 2919 1057 2979 vitium
1078 2937 1164 2978 omne

101 3017 136 3065 40
154 3013 300 3082 persanat.
342 3006 441 3067 Ostrei
469 3013 612 3066 testarum
641 3005 862 3066 combustarum
888 3007 963 3067 cinis
986 3025 1055 3067 oum
1079 3005 1164 3067 melle

102 3103 135 3151 41
156 3094 302 3169 inpositus
327 3094 477 3172 parotidas
506 3096 566 3155 cito
595 3093 688 3154 solvit.
741 3093 824 3173 Aqua
851 3096 964 3155 marina
991 3095 1091 3173 tepida
1119 3093 1164 3154 vel

155 3197 190 3238 ex
219 3183 332 3239 marino
361 3181 421 3241 sale
444 3183 552 3242 iniecta
575 3181 725 3260 parotidas
749 3183 862 3260 slongia
884 3185 968 3263 prius
992 3182 1072 3264 elue,
1100 3193 1164 3243 tum

175 3456 180 3467 .
225 3385 391 3510 delumenp
405 3385 492 3466 olium
510 3387 585 3442 Plio.
641 3393 674 3441 12
696 3387 846 3445 erundinis.
906 3394 939 3443 10
958 3387 1081 3459 stipites]
1101 3388 1162 3441 stir-

153 3458 235 3528 prtee.
308 3462 341 3511 21
363 3459 490 3514 autabo.
