2422 3878
514 132 729 196 „12-

116 294 350 376 cheragricique,
368 293 500 355 morbus·
511 295 599 354 etiam
619 293 785 356 articularis
804 293 874 353 hinc
894 293 1029 354 accidere
1044 294 1130 356 solet.

117 381 242 453 Quidam
275 385 363 443 etiam
395 383 471 443 liunt
499 391 643 463 amentes,
676 381 853 462 quibusdam
887 384 975 443 etiam
1009 386 1129 461 sanguis

117 489 273 549 erumpere
294 491 310 532 e
329 471 452 531 naribus
472 470 554 531 solet.
584 472 709 550 Oportet
728 489 798 549 ergo
818 473 937 531 occurri
956 480 1016 532 tam
1034 473 1129 550 gravi-

82 559 173 620 9bus
203 559 287 620 malis
317 561 471 622 curatione
498 559 658 638 praedicta.
708 560 731 618 A
759 561 857 620 vesica
885 561 938 638 qui
964 568 1129 622 nascuntur

116 649 212 710 morbi
240 648 313 710 haec
341 648 454 709 dabunt
480 650 576 727 signa:
603 648 689 709 Pleni
711 646 891 708 videbuntur
914 656 945 708 et
967 650 1027 709 cito
1050 657 1129 709 satu·
1158 664 1172 705 s

116 741 185 817 rari,
209 756 284 816 quos
307 736 452 818 gravabit,
481 744 645 816 sequentur
671 735 839 797 inflationes
866 738 978 796 ventris
1006 744 1037 796 et
1065 756 1129 797 cre-

116 827 198 903 pitus
217 824 324 905 crebri,
342 825 524 886 videbuntur
538 827 665 886 oscitare
680 843 735 885 nec
749 823 927 906 oscitabunt,
947 825 999 885 sed
1014 832 1129 886 tantum

117 931 150 972 os
175 913 330 994 diducent,
353 921 496 992 sequetur
523 915 615 974 totius
647 915 781 992 corporis
809 920 915 991 stupor
947 931 1129 993 somnusque

118 1002 215 1079 gravis
244 1003 329 1079 quasi
356 1019 486 1082 marcor,
514 1002 566 1062 fiet
593 1005 678 1063 urina
709 1001 797 1062 livida
825 1009 856 1062 et
883 1002 930 1061 vix
959 1019 1129 1081 erumpens,

118 1096 285 1149 tumescent
304 1091 391 1150 etiam
411 1097 537 1167 veretra,
555 1090 624 1150 inde
644 1100 674 1151 ct
693 1089 834 1152 calculosi
847 1090 927 1150 fient.
965 1089 1102 1150 Haeot
1060 1092 1102 1151 vit
1102 1092 1129 1150 ia
1143 1106 1169 1146 ro

118 1180 161 1237 sic
185 1177 394 1238 emendantur:
422 1177 597 1238 Feniculum
621 1188 651 1240 et
674 1181 773 1258 apium
797 1181 865 1238 vino
888 1185 1008 1238 austero
1031 1178 1129 1238 made-

118 1266 206 1325 facito
234 1264 280 1324 vel
308 1267 397 1326 etiam
425 1284 526 1326 earum
554 1267 715 1328 herbarum
738 1266 853 1328 radices
881 1275 1002 1327 contere
1035 1274 1065 1327 et
1093 1285 1129 1326 ex

118 1354 179 1413 vini
213 1353 326 1432 cyathis
359 1353 475 1415 duobus
508 1362 538 1415 et
566 1356 739 1416 tantundem
768 1373 861 1434 aquae
889 1355 999 1415 calidae
1027 1358 1129 1435 accipe

118 1441 240 1502 adsidue
265 1442 311 1502 vel
334 1442 421 1504 dauci
444 1461 545 1504 semen
570 1451 600 1504 et
622 1451 751 1522 myrtum
775 1462 812 1503 cx
835 1462 910 1523 aqua
932 1442 1026 1504 calida
1044 1462 1129 1504 sume

118 1530 164 1590 vel
183 1533 262 1591 cicer
282 1531 390 1615 album,
414 1551 473 1593 non
492 1534 651 1592 arietinum
670 1531 868 1592 madefactum
888 1533 963 1612 vino,
986 1540 1020 1592 ut
1037 1551 1128 1611 supra
1142 1546 1168 1588 ro

119 1621 239 1700 scripsi,
267 1620 353 1681 ebibe
381 1619 427 1680 vel
454 1620 585 1681 radicem
609 1623 742 1698 asparagi
765 1620 812 1680 vel
840 1639 942 1681 ervum
970 1623 1130 1682 erraticum

118 1707 164 1767 vel
188 1708 352 1787 serpullum
376 1707 509 1786 decoque
542 1710 667 1787 eiusque
695 1727 799 1787 aquam
824 1711 891 1768 vino
912 1711 1032 1769 mixtam
1052 1709 1130 1770 bibe.

119 1795 200 1867 Quae
225 1799 276 1875 qui
300 1796 470 1877 neglegunt,
493 1796 569 1857 fiunt
587 1796 755 1878 hydropic13
779 1799 916 1876 sequitur
934 1799 971 1857 iis
989 1800 1131 1859 iocineris

119 1893 148 1944 et
169 1887 287 1944 renium
306 1894 337 1944 et
355 1886 470 1944 vesicae
489 1884 581 1946 dolor.
618 1885 704 1946 Fient
724 1903 842 1964 quoquc
862 1885 1011 1968 calculosi,
1034 1894 1130 1947 stran-

118 1973 234 2050 guriam
271 1972 336 2032 tubi
373 1972 565 2033 sustinebunt
603 1981 633 2034 et
665 1977 778 2035 ventris
810 1982 966 2034 tumorem.
1016 1973 1131 2037 intueri
1144 1991 1169 2033 ro

118 2069 217 2120 autem
241 2068 360 2138 oportet
379 2063 460 2139 aegri
478 2063 566 2142 vires,
590 2062 736 2140 quomodo
755 2063 851 2141 possit
870 2064 1018 2124 sustinere
1038 2063 1131 2124 medi-

118 2150 228 2230 cinam,
257 2156 291 2209 ut
318 2150 359 2208 ita
386 2148 463 2210 febri
491 2158 522 2210 et
550 2150 690 2211 cruditati
718 2152 782 2211 eins
810 2150 994 2212 adhibeatur.
1040 2151 1131 2214 Fiunt

118 2254 188 2315 ergo
222 2236 428 2316 cataplasmata
460 2238 711 2320 adhibenturque,
744 2258 819 2318 qnae
847 2247 915 2318 apta
943 2242 1002 2300 sint
1030 2243 1130 2322 capiti,

117 2328 224 2406 ventri,
247 2328 371 2408 vesicae,
395 2327 545 2408 cruditati,
568 2329 680 2409 frigori,
704 2327 803 2410 calori,
825 2336 916 2407 prout
942 2336 1057 2408 tempus
1081 2347 1131 2389 ex-

118 2416 221 2492 egerit.
259 2413 308 2475 Uti
331 2422 429 2475 autem
453 2417 488 2475 ad
512 2415 586 2477 haec
609 2423 727 2496 oportet
748 2435 823 2497 rosa,
847 2424 940 2496 aceto,
964 2419 1040 2497 vino,
1064 2416 1129 2477 oleo
1144 2433 1169 2474 aa

117 2504 204 2583 irino,
227 2503 357 2582 linguam
382 2522 501 2584 quoquc
526 2508 606 2583 aegri
629 2523 763 2584 asperam
787 2504 873 2567 melle
901 2506 1058 2584 perfricari
1084 2506 1131 2566 vel

117 2599 234 2652 mentae
264 2591 349 2673 folio;
379 2592 494 2672 reliqua
521 2593 656 2670 diligenti
683 2593 798 2654 medico
826 2595 1025 2673 permittenda
1050 2603 1131 2677 sunt,

67 2695 100 2744 10
119 2682 188 2758 quia
215 2682 297 2741 iuxta
325 2681 444 2741 morbos
472 2681 560 2741 debet
588 2680 730 2741 adhibere
753 2682 938 2743 medicinam.
984 2682 1131 2753 Quoniam

118 2768 236 2830 ostendi
259 2772 393 2848 corporis
417 2770 481 2829 sani
504 2777 534 2830 et
555 2769 686 2830 inbecilli
704 2779 789 2831 notas
808 2789 861 2850 per
880 2772 996 2831 urinam
1016 2771 1130 2833 denun-

119 2860 186 2919 tiari
209 2866 239 2920 et
262 2858 358 2919 adieci
385 2860 573 2919 curationum
597 2858 727 2941 consilia,
751 2878 831 2920 nunc
855 2867 885 2920 et
908 2862 1129 2939 conpositiones
1144 2887 1170 2929 oc

118 2948 401 3009 medicamentorum
416 2946 550 3028 adiciam,
566 2965 658 3009 riuum
678 2966 715 3008 ne
734 2956 895 3010 nascantur
914 2951 1032 3027 corpori
1052 2952 1132 3030 vitia,

119 3032 244 3094 alterum
267 3044 301 3095 ut
324 3037 490 3097 emendatio
515 3039 670 3097 sanitatem
694 3037 825 3098 reducat.
862 3037 1011 3098 Adversus
1030 3048 1132 3099 autem

119 3138 221 3181 omnes
254 3123 375 3199 inpetus
403 3125 575 3186 morborum
604 3126 662 3187 duo
691 3134 761 3185 sunt
788 3126 918 3186 remedia
948 3129 1132 3188 certissima:

117 3211 248 3286 primum
272 3216 326 3290 est,
349 3210 463 3271 decimo
488 3230 607 3291 quoque
630 3212 678 3272 die
702 3221 736 3274 ut
759 3221 787 3274 te
811 3214 959 3274 abstineas
978 3233 995 3274 a
1014 3214 1081 3275 cibo
1101 3223 1133 3275 et

189 3414 412 3493 loheragn'que
509 3415 630 3472 morbos.
730 3419 855 3501 3e]a.
942 3420 1132 3478 8deduccnt.

141 3482 252 3551 coitur.
301 3491 333 3541 13
352 3486 450 3556 cyulis
497 3492 529 3541 19
548 3487 713 3558 stranguria.
760 3494 795 3543 34
812 3489 912 3560 prima.
958 3494 990 3546 ut
1003 3491 1045 3562 te]
1061 3492 1131 3548 uite.
