2422 3878
525 156 560 164 -
611 118 765 183 272-

136 281 246 360 pastilli
260 281 450 343 denariorum
466 280 650 360 singulorum
666 288 717 340 aut
732 281 909 359 semissium,
929 287 963 340 ut
976 281 1062 340 irrxta
1079 289 1160 343 aeta·

137 376 198 429 tem
226 376 277 431 aut
304 370 502 432 valetudinem
531 370 648 429 deutur.
689 368 804 429 Dantur
832 377 930 429 autem
953 369 1065 429 ieiunis
1092 373 1158 432 sine

135 457 219 519 febre
243 477 278 518 eu
301 461 364 519 rinl
386 459 493 538 myrtei
516 464 567 518 aut
591 458 707 536 Signini
731 457 836 537 cyatho
859 475 919 517 uno
945 475 1014 517 cum
1035 457 1158 520 duobus

136 565 228 627 aquae
253 550 354 623 mixto,
377 546 616 607 febricitantibus
640 565 709 606 vero
734 563 769 605 eu
793 564 886 625 aquae
911 545 1026 624 cyathis
1046 546 1158 608 tribus.

135 635 198 696 Hoc
231 639 319 697 etiam
350 654 406 714 per
434 634 605 714 clysterium
633 636 807 714 inmittitur,
841 635 978 712 quotiens
1011 633 1182 698 desumet

135 727 233 785 serint
255 724 421 803 torminosi,
445 723 554 803 quibus
578 731 607 784 et
631 725 656 784 si
679 725 808 802 graviter
831 721 933 783 afflicti
956 730 1028 783 sunt
1053 726 1158 785 statim

134 813 265 891 prodest.

99 915 116 962 2
224 899 267 960 Ad
296 899 454 982 coeliacos,
481 900 512 961 id
536 902 657 980 estqui
680 899 777 960 subite
801 908 832 960 et
854 898 947 960 multa
972 899 1156 982 defundunt,

135 988 224 1048 etad
248 987 344 1048 alvum
369 991 490 1050 citatam
518 997 549 1049 et
576 989 612 1049 ad
635 987 710 1048 levia
732 988 883 1048 interdum
907 989 1037 1048 tormina
1060 990 1157 1050 medi·

135 1085 303 1138 cementum
335 1086 443 1156 potens
476 1079 535 1139 sic:
573 1076 737 1138 Sorbornm
771 1076 922 1137 aridorum
954 1084 1154 1138 contusorum
1170 1101 1194 1140 1o

135 1162 167 1224 S*
186 1163 221 1245 ll,
245 1166 318 1226 rhus
343 1166 465 1248 Syriaci,
490 1184 549 1246 quo
575 1168 640 1227 coci
663 1171 798 1245 utuntur,
822 1162 853 1224 θ
872 1163 908 1244 11,
932 1164 1155 1244 malagranata

135 1256 266 1315 recentia
295 1253 335 1337 X,
362 1255 438 1316 mala
467 1256 597 1334 cydonea
626 1261 741 1315 matura
765 1251 800 1315 X.
842 1252 921 1313 Haec
949 1260 1080 1332 utraque
1104 1273 1155 1315 co·

135 1352 245 1403 cuntur
272 1345 303 1403 in
331 1362 401 1423 sapa
429 1344 505 1405 facta
533 1362 570 1404 ex
597 1344 688 1404 musti
716 1342 812 1402 adhuc
840 1343 870 1402 in
899 1339 977 1401 dolio
1006 1342 1154 1404 ferventis

134 1434 272 1492 sextariis
294 1434 417 1512 triginta
441 1451 502 1514 seu,
526 1449 682 1511 quousque
703 1430 739 1491 ad
759 1431 903 1490 sextarios
922 1429 1084 1491 duodecim
1102 1431 1154 1492 de·

134 1528 302 1599 coquantur
330 1529 360 1581 et
387 1521 482 1581 donec
511 1519 656 1581 malorum
684 1522 765 1579 coria
787 1526 1011 1598 percoquantur
1034 1526 1067 1580 et
1091 1522 1191 1584 sintra

133 1609 264 1689 madida3
289 1609 395 1670 deinde
419 1611 460 1669 ita
481 1615 619 1670 teruntur
637 1608 711 1669 baec
730 1607 813 1668 fictili
831 1608 981 1687 mortario,
1005 1616 1039 1667 ut
1059 1626 1154 1686 grana

134 1699 232 1757 omnia
260 1699 512 1778 comminuantur,
540 1703 644 1775 postea
672 1696 745 1758 rbus
773 1703 804 1755 et
831 1694 919 1756 sorba
947 1695 1030 1755 arida
1058 1697 1152 1758 admi·

134 1795 255 1847 scentur
282 1794 371 1847 tunsa
399 1794 429 1846 et
456 1785 585 1847 cribrata
613 1787 730 1846 curiose
754 1792 784 1845 et
806 1802 876 1847 cum
899 1801 977 1864 sapa,
1001 1801 1080 1863 quae
1104 1795 1152 1846 est

133 1874 261 1955 residua,
279 1882 493 1952 temperantur.
522 1873 668 1935 Omnibus
687 1891 758 1952 ergo
777 1875 808 1932 in
827 1890 921 1933 unum
940 1871 1016 1932 bene
1035 1876 1151 1936 coactis

133 1966 290 2042 reponitur
310 1963 559 2024 medicamentum
577 1965 609 2024 in
623 1965 719 2024 vitreo
734 1979 812 2041 vaso,
831 1961 940 2021 dantur
954 1960 1024 2020 inde
1037 1963 1150 2023 ieiunis
1165 1983 1190 2024 so

133 2050 238 2128 ligulae
263 2053 338 2113 duae
362 2052 493 2113 veltres
517 2052 581 2113 sine
604 2051 694 2112 ullius
718 2053 762 2111 rei
785 2050 973 2110 admixtione.

97 2148 113 2196 3
221 2140 362 2201 Pastillus
385 2140 421 2201 ad
445 2143 624 2201 torminosos
648 2140 796 2200 efficacior
817 2137 974 2198 conficitur
993 2139 1050 2198 sic:
1074 2137 1149 2200 Aca·

134 2228 195 2286 ciac
215 2227 241 2286 ll
260 2227 322 2307 llll,
346 2230 427 2288 croci
446 2227 471 2287 li
490 2228 525 2308 ll,
549 2228 641 2306 gallae
660 2227 685 2286 x
704 2225 795 2307 VlllI,
818 2225 1020 2306 hypocistidos
1039 2224 1065 2286 li
1085 2225 1150 2308 llll,

132 2313 200 2391 lycii
223 2314 331 2395 lillll,
353 2334 470 2395 myrrae
493 2314 601 2396 Xllll,
623 2315 706 2398 rbus,
730 2333 789 2395 quo
813 2316 879 2376 coci
901 2321 1037 2396 utuntur,
1060 2316 1150 2376 nardi

134 2401 247 2481 Syriaci
274 2404 386 2483 spicae,
414 2403 507 2485 aloes,
540 2403 725 2483 singulorum
753 2404 891 2465 denarios
919 2403 1022 2485 binos,
1054 2406 1147 2485 anesi,
1164 2425 1190 2466 ss

132 2494 272 2572 gummis,
293 2491 478 2570 singulorum
502 2492 528 2554 ll
551 2500 662 2573 ternos,
684 2494 798 2573 piperis
817 2493 896 2571 nigri
913 2490 939 2552 X
956 2491 992 2552 11.
1031 2491 1147 2552 Ternn-

132 2589 182 2639 tur
209 2579 282 2641 haec
311 2581 469 2659 diligenter
496 2590 526 2643 et
554 2589 685 2642 ex‘suco
708 2580 779 2642 rubi
801 2579 1015 2641 cauliculorum
1040 2579 1087 2641 vel
1111 2600 1149 2641 ex

131 2670 199 2729 rino
225 2670 347 2748 Signino
371 2669 492 2750 collyria
515 2671 682 2732 formantur
704 2672 765 2731 ritu
787 2687 900 2749 eorum,
923 2687 1000 2748 quae
1018 2669 1056 2730 ad
1075 2688 1148 2732 ocu·

131 2758 175 2818 los
194 2760 279 2839 fiunt,
302 2777 371 2821 cum
389 2767 488 2820 tamen
506 2762 547 2820 ita
566 2759 657 2821 fuerit
674 2758 748 2820 levis
767 2759 923 2838 confectio,
941 2765 976 2818 ut
993 2760 1026 2817 in
1045 2776 1148 2836 ungue

131 2847 210 2909 nulla
234 2859 337 2927 pareat
360 2849 522 2926 aspritudo.
560 2847 730 2927 finguntur
753 2855 851 2908 autem
875 2846 931 2906 alia
954 2846 1149 2908 denariorum
1162 2867 1187 2908 eo

132 2936 330 3019 singulorum,
358 2936 414 2997 alia
442 2938 623 3019 semissium,
651 2955 726 3016 quae
752 2937 927 3016 initiantur,
955 2935 1008 2996 sed
1031 2939 1149 2997 rectius

132 3024 166 3083 ad
195 3026 271 3086 hanc
299 3044 469 3087 mensuram
496 3026 606 3106 pastilli
629 3025 792 3106 dabuntur,
820 3026 860 3084 ita
883 3031 918 3085 ut
940 3041 1020 3085 nnus
1043 3026 1147 3086 ieiuno

132 3119 199 3172 ante
224 3114 388 3195 meridiem,
411 3115 487 3176 alter
509 3118 540 3177 in
563 3123 682 3177 noctem
706 3133 743 3174 er
766 3131 850 3194 aqua,
874 3113 900 3172 si
923 3111 1022 3172 febres
1046 3124 1147 3196 erunt,

221 3264 449 3320 ivelitndinem.
522 3267 684 3322 4mixlum.
750 3264 885 3321 sefflicti
902 3264 979 3336 sunt]
999 3264 1146 3322 defliescit.

133 3340 165 3388 10
184 3333 329 3389 tridorum.
421 3343 454 3391 16
474 3339 616 3393 merdario.
704 3342 736 3392 19
755 3336 956 3405 temperantur.
1043 3337 1146 3409 unum]

131 3405 235 3459 vinnm.
341 3410 374 3460 22
394 3407 507 3462 aeneiae
526 3406 653 3475 XXHII,
673 3409 719 3463 sed
739 3408 771 3460 X
787 3408 909 3463 deletam.
1020 3413 1056 3462 24
1074 3407 1143 3464 licii.

131 3482 165 3530 25
184 3476 362 3531 denariorum
380 3475 469 3532 binos.
543 3485 577 3533 30
596 3478 706 3551 pareat]
727 3481 862 3550 appareat
881 3477 1041 3536 denarius.
