2422 3878
559 195 600 205 -
649 157 803 221 342—

175 329 292 383 mentae
317 323 383 382 suci
406 321 508 381 viridis
533 313 573 407 2·
592 319 642 400 Vl,
671 319 883 399 staphisagriae
908 311 947 404 2⁴
966 317 1017 397 Vl,
1047 319 1103 378 iris
1129 317 1195 398 llly-

175 413 255 471 ricae
276 403 315 497 ,91
336 410 381 491 Vl,
405 409 542 471 aluminis
562 410 649 470 scissi
668 401 707 495 2·
726 406 772 488 Vl,
796 425 912 487 myrrae
932 400 971 493 ,9⁴
993 405 1044 486 ΙΙΙ,
1068 408 1196 467 seminis

175 499 285 560 herbae
310 499 535 579 symphoniacae
559 498 654 558 siccae
674 490 781 584 2111.
812 495 892 557 llaec
911 497 1009 556 omnia
1029 498 1196 575 separatim

175 590 246 649 trita
275 589 363 648 simul
391 585 531 648 miscebis
559 594 589 647 et
616 588 726 646 iterum
755 585 844 645 simul
866 593 959 665 teres3
987 583 1056 644 inde
1081 586 1195 664 empla-

176 684 271 738 strum
296 679 386 737 lacies
410 675 456 736 vel
480 676 635 753 pittacium
665 681 694 734 et
721 692 815 753 pones
842 676 874 734 in
897 673 996 734 dextri
1017 673 1108 753 pedis
1132 674 1195 754 pol·

174 765 241 847 lice,
264 783 332 826 cum
355 766 399 824 uti
418 763 547 824 volueris
567 781 684 843 venere,
708 770 738 823 et
761 780 829 823 cum
851 780 969 823 cessare
989 761 1133 844 volueris,
1158 763 1194 823 ad

175 856 291 914 sinistri
314 853 398 932 pedis
422 852 559 931 pollicem
583 853 755 913 transferes.

139 956 155 1003 9
263 940 306 1001 ad
336 942 484 1019 cepariam
512 943 658 1002 satureiae
687 943 782 1000 siccae
810 939 915 999 liorem
942 939 1047 1017 collige
1071 947 1104 1000 et
1129 940 1194 1020 pul·

131 1103 133 1106 Α
174 1047 274 1089 rerem
298 1029 367 1090 inde
393 1030 481 1090 facito
504 1037 534 1090 et
552 1028 716 1090 melilotum
736 1028 877 1088 combure
897 1036 927 1089 et
945 1028 1101 1107 pulverem
1123 1031 1193 1090 inde

175 1119 276 1198 iacit03
300 1117 437 1178 similiter
461 1117 498 1178 de
521 1119 652 1198 cydoneo
677 1119 757 1178 sicco
781 1117 946 1196 combusto,
968 1118 1058 1178 etiam
1082 1116 1123 1178 de
1148 1137 1193 1202 eo,

174 1209 226 1285 qui
253 1209 284 1266 in
312 1206 418 1268 arbore
447 1207 522 1268 solet
550 1209 648 1268 siccus
676 1223 844 1286 remanere,
867 1206 1020 1284 pulverem
1045 1206 1140 1267 lecito
1165 1217 1195 1269 et

175 1294 296 1355 cribello
321 1295 488 1357 medicinali
512 1289 630 1356 omnem
654 1293 807 1374 pulverem
830 1312 919 1354 cerne
941 1301 971 1354 et
988 1296 1143 1373 permisce
1164 1304 1195 1357 et

175 1402 243 1444 cum
267 1386 335 1444 vino
359 1393 459 1445 vetere
483 1384 624 1445 caleiacto
647 1383 746 1444 locum
770 1382 875 1464 inline‚
899 1384 987 1443 etiam
1010 1383 1105 1444 linteo
1131 1385 1193 1446 illic

174 1473 309 1552 adposito
334 1483 414 1554 tege,
439 1477 480 1534 ita
503 1481 611 1554 tamen,
635 1480 668 1534 ut
691 1472 766 1532 duae
789 1479 890 1551 partes
913 1473 973 1532 sint
996 1471 1032 1532 de
1058 1477 1194 1535 satureia

174 1570 204 1622 et
232 1562 363 1641 singulae
392 1563 428 1623 de
456 1562 586 1622 meliloto
615 1568 645 1622 et
674 1560 819 1641 cydone03
849 1561 900 1621 sed
929 1562 1067 1638 quotiens
1096 1564 1193 1624 medi·

174 1669 278 1710 camen
301 1669 405 1732 pones,
427 1653 495 1710 vino
519 1658 619 1710 vetere
643 1649 737 1710 calido
761 1651 846 1727 prins
869 1649 966 1710 locum
991 1648 1067 1710 elne.

122 1749 154 1797 10
262 1739 390 1818 Myrram
405 1741 436 1799 in
450 1738 603 1817 pulverem
619 1738 862 1799 delicatissimum
876 1738 978 1816 redige
993 1745 1022 1798 et
1037 1739 1073 1799 ad
1088 1737 1192 1802 locum

174 1829 308 1907 cepariae
332 1828 455 1888 adsidue
478 1845 546 1887 cnm
570 1829 639 1887 vino
662 1835 762 1888 vetere
785 1844 876 1908 pone,
899 1828 974 1888 mire
998 1827 1193 1890 remediabis.

122 1927 153 1975 11
264 1916 306 1977 ln
336 1917 482 1977 infantum
510 1915 664 1977 testiculos
692 1917 814 1975 vitiosos
843 1915 889 1974 vel
917 1923 1066 1976 tumentes
1091 1935 1192 1978 reme-

174 2005 255 2065 dium
280 2006 383 2066 eliicax
408 2007 464 2066 sic:
487 2005 642 2085 maneam,
666 2022 740 2084 quae
763 2003 922 2082 perillum
946 2022 1033 2064 strum
1054 2022 1086 2064 se
1109 2024 1211 2067 sum·¹

173 2096 274 2175 mittit,
289 2094 406 2172 quando
422 2112 541 2155 sursum
555 2111 661 2156 versus
675 2095 779 2173 currit,
794 2111 864 2172 rape
880 2102 990 2153 etcum
1006 2111 1081 2170 aqua
1093 2095 1192 2156 calida

173 2183 273 2241 tritam
298 2185 439 2242 continuo
464 2181 499 2241 da
523 2183 627 2242 infanti
650 2181 816 2242 bibendam.

21 2249 26 2263 ⁸
121 2280 153 2328 12
261 2268 305 2328 Ad
334 2269 545 2329 abundantiam
577 2271 698 2330 seminis
727 2268 958 2347 praeparandam
988 2288 1108 2330 erucam
1141 2272 1191 2333 de·

172 2362 286 2416 coctam
310 2355 401 2437 hibat,
425 2358 563 2435 quotiens
588 2358 714 2436 quisque
738 2359 837 2434 inopia
856 2358 978 2416 seminis
998 2377 1030 2418 se
1049 2357 1191 2422 laborare

142 2447 145 2454 '
172 2446 367 2524 perspexerit,
390 2444 436 2504 vel
459 2446 559 2524 potius
583 2445 706 2506 adsidue
729 2448 875 2505 incoctam
899 2446 1065 2509 manducet.

120 2546 153 2594 13
261 2533 305 2594 lu
324 2535 435 2594 veretri
455 2551 556 2595 curam
576 2536 827 2613 auripigmentum
847 2541 876 2596 et
895 2534 979 2595 aloen
995 2538 1097 2615 aequis
1114 2557 1190 2617 pon-

173 2623 294 2684 deribus
318 2625 422 2685 tritum
442 2631 471 2684 et
489 2624 521 2684 in
538 2623 691 2704 pulverem
710 2624 863 2685 redactum
882 2623 1021 2685 miscebis
1041 2633 1071 2684 et
1089 2629 1190 2689 uteris

175 2732 242 2774 cum
267 2715 335 2773 vino
361 2720 460 2796 vetere
483 2714 532 2790 ita,
557 2722 591 2773 ut
612 2716 696 2792 prius
720 2722 869 2774 veretrum
894 2715 962 2773 vino
981 2720 1082 2774 vetere
1104 2715 1190 2778 eluas

121 2813 154 2863 14
175 2812 204 2863 et
224 2805 267 2864 sic
287 2801 480 2863 medicamine
499 2818 688 2881 consperges.
720 2802 764 2863 Ad
783 2804 893 2863 veretri
913 2801 1043 2862 dolorem
1063 2821 1189 2866 caseum

131 2888 142 2905 ’
173 2895 328 2970 caprinum
352 2899 381 2951 et
404 2890 463 2951 mel
485 2893 551 2968 pari
572 2891 705 2970 pondere
729 2893 761 2951 in
782 2890 911 2970 pultario
935 2890 1017 2951 lictili
1036 2909 1134 2970 coque
1157 2904 1188 2955 et
1208 2918 1210 2925 s

172 2980 218 3040 bis
249 2981 284 3040 ad
314 2980 391 3040 diem
423 2981 555 3062 impone,
589 2979 640 3039 sed
672 2987 739 3040 ante
767 2980 834 3038 vino
863 2986 963 3039 vetere
991 2979 1103 3060 locum,
1135 2985 1190 3061 qui

121 3080 152 3127 15
173 3069 324 3129 curandus
347 3076 408 3147 est,
431 3067 521 3128 eluas,
562 3067 644 3127 Folia
666 3069 754 3147 myrti
776 3068 895 3127 ieiunus
919 3069 1131 3129 commanduca
1158 3079 1189 3132 et

171 3158 202 3213 in
226 3157 326 3216 ulcera
351 3159 460 3216 veretri
483 3174 588 3237 expue,
611 3158 711 3216 statim
733 3154 875 3234 proderit.

119 3256 150 3303 16
259 3244 302 3303 nd
329 3251 462 3304 tumores
485 3251 516 3303 et
539 3242 656 3304 dolores
680 3242 885 3303 testiculorum
910 3244 1040 3304 brassica
1064 3247 1186 3310 incocta

170 3347 238 3390 cum
258 3330 317 3391 sale
337 3333 406 3391 trita
424 3333 623 3412 impositaque
642 3330 783 3411 prodesse
803 3331 987 3413 adfirmatum
1011 3337 1185 3411 pastinacae
1205 3362 1208 3371 ³

260 3525 294 3575 34
314 3517 449 3592 brassica]
468 3520 503 3588 cf.
520 3519 597 3576 Ptin.
613 3537 642 3577 n.
655 3520 680 3577 lc.
695 3525 739 3590 20,
752 3524 794 3575 89.
