2422 3878
539 118 756 183 -52..

145 282 281 363 glabrum
303 282 401 343 locum
425 283 577 362 perlricet,
599 282 640 341 ita
663 288 697 341 ut
720 282 804 358 prius
825 280 877 340 diu
896 279 987 339 linteo
1006 281 1161 358 asperiore

92 385 126 434 31
145 373 307 450 detergeat.
345 369 519 449 Aphronitri
541 369 624 430 floris
647 367 753 447 pilulas
777 367 873 450 XXX,
901 386 1008 428 nucem
1031 370 1161 449 pineam,

145 460 182 520 de
202 478 260 539 qua
279 467 402 538 propter
423 465 597 520 vetustatem
617 457 715 518 nuclei
734 457 908 536 deciderint,
927 466 1053 536 tunsam,
1076 475 1161 536 sapo-

146 550 194 609 nis
218 547 321 608 Gallici
344 546 496 628 selibram,
525 549 585 606 vini
608 547 724 606 Aminei
751 545 871 624 cyathos
895 553 956 605 tres
981 544 1070 606 simul
1092 564 1160 625 per·

144 636 287 698 miscebis
311 644 341 696 et
365 644 502 697 conteres
526 643 556 696 et
579 641 668 713 caput
691 633 825 713 glabrum
846 634 966 694 inlines:
990 633 1047 694 hoc
1066 635 1186 695 medi-a

93 736 127 786 33
146 727 261 786 camino
294 727 382 784 etiam
415 726 506 803 crispi
541 722 639 803 capilli
665 730 834 784 nascentur.
881 721 973 782 Malva
1005 741 1074 783 cum
1107 742 1161 784 sua

147 814 247 874 radice
270 812 462 874 vehementer
488 814 641 893 coquitur,
670 830 705 872 ex
732 813 818 872 cuius
846 829 920 888 aqna
945 810 1082 890 capillus,
1110 815 1161 872 cui

93 913 128 963 33
148 903 301 963 curatione
326 919 401 980 opus
425 909 478 981 est,
502 903 533 961 in
557 899 662 960 balneo
685 900 808 961 adsidue
828 898 949 960 lavatur.
987 898 1053 959 Olei
1071 902 1160 961 cicini

22 999 24 1004 '
150 988 263 1070 -111,
296 989 393 1050 ladani
418 1023 458 1032 —
482 989 535 1071 lll,
569 989 672 1049 ladano
705 992 776 1050 trito
808 987 949 1066 paulatim
982 988 1159 1050 admiscebis

147 1077 246 1138 oleum
269 1085 299 1138 et
322 1097 391 1139 333]
413 1078 509 1139 mellis
536 1077 764 1139 crassitudinem
787 1077 908 1156 feceris,
932 1075 1048 1137 radices
1073 1078 1196 1157 capil-10

147 1165 245 1227 lorum
268 1166 390 1227 adsidue
413 1167 528 1230 inlines.

573 1360 654 1422 GAP.
677 1359 737 1420 Vll.

148 1471 276 1541 capillo
303 1471 467 1541 nigrando
496 1475 530 1528 et
556 1473 783 1540 incrispando.
829 1471 890 1526 Hie
920 1471 1052 1527 adiecta
1080 1476 1161 1528 eunt

182 1574 270 1630 quae
293 1561 453 1631 phlegma
476 1565 511 1617 et
533 1559 770 1631 perfrictiones
793 1559 911 1629 eapitis
936 1560 1121 1617 deducunt.

114 1709 127 1757 1
238 1695 403 1776 Crispando
441 1696 546 1775 capillo
581 1697 816 1774 conpositionem
848 1696 1020 1756 huiusmodi
1053 1696 1160 1757 iacies:

147 1784 323 1865 Aphronitri
345 1785 427 1846 floris
446 1783 572 1846 tortulas
591 1802 716 1844 numero
735 1782 824 1863 XXX,
847 1803 954 1845 nucem
973 1787 1102 1865 pineam,
1125 1785 1160 1845 de

149 1892 207 1952 qua
230 1881 353 1951 propter
377 1870 553 1933 vetustatem
576 1873 675 1934 nuclei
697 1873 810 1951 delapsi
834 1874 907 1954 sint,
935 1881 1054 1933 tunsam
1078 1875 1161 1934 etin

147 1961 302 2040 pulverem
327 1961 486 2042 redactam,
514 1963 634 2039 saponis
657 1961 759 2022 Gallici
783 1993 825 2004 —
845 1960 886 2021 lll
909 1969 939 2021 et
961 1962 1078 2022 Aminei
1101 1965 1161 2022 vini
1174 1975 1197 2016 u

149 2049 271 2128 cyathos
293 2048 342 2128 lll,
366 2057 455 2129 atque
478 2051 547 2111 inde
571 2060 660 2130 caput
682 2049 790 2110 inlines
814 2058 844 2110 et
866 2051 898 2110 in
917 2049 1022 2110 balneo
1041 2049 1159 2112 lavabis.

150 2136 330 2216 Sphondylio
354 2155 473 2218 quoque
496 2148 586 2219 caput
612 2146 809 2219 perungatur,
837 2138 890 2198 scd
918 2141 1002 2216 prius
1032 2139 1160 2201 radatur.

113 2225 280 2285 acernum
309 2227 409 2287 arietis
433 2236 537 2289 uratur
559 2231 694 2307 cinisque
719 2228 783 2287 eius
806 2245 876 2286 cum
900 2225 964 2287 oleo
989 2234 1161 2289 conteratur

115 2321 239 2393 3atque
268 2314 337 2374 inde
366 2314 504 2377 derasum
536 2323 625 2394 caput
657 2317 830 2394 frequenter
859 2323 997 2394 ungatur.
1043 2316 1161 2396 (lapillis

149 2401 303 2480 nigrandis
326 2403 447 2466 iniectio
469 2407 592 2483 optima:
628 2403 830 2465 lliruudinum
858 2412 990 2483 stercus,
1019 2416 1162 2483 quantum
1175 2418 1197 2458 tt

151 2489 291 2572 sufficiat,
320 2510 388 2552 cum
417 2495 493 2554 aceti
516 2495 645 2553 sextario
668 2494 752 2553 mitte
776 2495 807 2552 in
830 2510 881 2552 vas
904 2491 995 2552 fictile
1019 2501 1109 2573 atque
1132 2496 1163 2554 13

151 2579 220 2638 fimo
249 2579 392 2640 caballino
421 2600 475 2660 per
504 2582 567 2642 dies
595 2580 700 2640 XXXV
728 2581 887 2641 sullossnm
915 2579 1023 2640 habeto
1054 2600 1087 2642 ac
1122 2585 1162 2642 sic

151 2675 300 2728 macerato
324 2676 413 2748 atque
436 2668 494 2730 hoc
517 2670 732 2730 medicamento
755 2688 854 2730 rasum
879 2676 969 2748 caput
992 2668 1110 2730 inlinito
1133 2672 1164 2730 13

150 2756 257 2817 umbra
283 2776 338 2836 per
366 2759 536 2836 peniculum
559 2761 691 2837 pictoris
734 2757 793 2818 Sed
816 2776 885 2818 sero
909 2759 1029 2818 cervino
1059 2758 1163 2820 laciem

151 2847 235 2924 prius
258 2864 402 2929 perunge,
425 2865 463 2907 ne
487 2847 558 2926 quid
581 2846 650 2906 inde
674 2845 802 2906 destillet
825 2853 855 2906 31
877 2845 1019 2928 maculet,
1044 2854 1074 2907 et
1094 2848 1165 2909 dum
1177 2858 1199 2900 tt

153 2937 282 2996 siccatur
304 2936 439 3015 infectio,
463 2936 560 2997 oleum
584 2937 662 2995 intra
686 2953 718 2995 os
742 2942 852 3015 teneto,
877 2953 915 2995 ne
939 2941 969 2995 31
993 2935 1098 2996 133133
1121 2938 1164 2997 in·

153 3023 304 3101 13133133,
328 3042 362 3084 33
385 3033 541 3105 postquam
565 3025 744 3102 imposueris
767 3024 960 3100 medicamen,
988 3032 1093 3103 quarto
1118 3025 1166 3085 die

119 3117 245 3185 tcaput
267 3109 370 3171 lavato.
411 3112 539 3173 Medium
568 3112 695 3191 lapidem
722 3113 867 3173 conterite
889 3115 978 3192 eique
1002 3112 1166 3174 admisceto

154 3196 242 3256 nardi
267 3200 337 3275 puri
365 3209 506 3276 qnantum
535 3203 606 3262 satis
635 3201 797 3283 videbitur,
830 3219 888 3280 quo
916 3199 1112 3262 medicamine
1141 3203 1168 3262 si

152 3284 327 3363 frequenter
342 3295 430 3364 caput
444 3306 566 3369 unguas,
585 3289 758 3366 prohilrebis
776 3290 868 3350 cauos'
880 3290 962 3350 nasci
975 3297 1007 3350 et
1019 3290 1050 3350 in
1065 3288 1168 3352 locum
1181 3306 1204 3346 ao

224 3478 258 3528 33
276 3490 296 3529 3
314 3472 456 3529 videbitur
474 3476 603 3532 vocabalo
620 3478 704 3533 codex
721 3493 819 3533 333333
836 3476 947 3548 incipit.
1000 3482 1035 3532 3ο
1049 3495 1168 3548 ungens.
