2422 3878
529 97 766 160 -210-

86 261 321 339 124prossuvium
349 279 407 320 non
436 262 574 338 patietur.
616 258 734 319 Vessica
763 263 880 321 verrina
908 266 992 320 cocta
1017 261 1065 322 vel
1092 273 1163 327 usta

138 349 319 410 comedenda
334 356 385 411 aut
398 349 526 409 bibenda
541 348 702 409 efficaciter
716 347 804 409 datur
818 351 854 427 ei,
869 349 920 427 qui
934 350 1056 411 urinam
1072 369 1162 416 suam

137 456 197 498 non
220 445 319 516 potest
342 440 504 498 continere.

85 538 136 587 123
226 527 350 606 Leporis
375 524 554 587 cerebellum
578 544 613 584 ex
633 527 701 585 vino
720 532 823 603 potum
842 527 946 586 urinae
965 527 1161 592 incontinen-

138 617 209 676 tiam
232 616 376 694 refrenat3
400 613 534 674 eiusdem
557 613 689 674 testiculi
712 614 866 675 torrefacti
889 622 919 674 et
942 633 978 675 ex
999 617 1071 678 vino
1093 622 1184 696 poti-⁵

85 716 196 782 136par
216 703 380 764 remedium
401 702 585 763 summeiulis
603 708 763 780 praestant.
795 701 916 780 Ungues
930 707 1040 780 apruni
1055 711 1160 768 exusti

137 795 260 871 tritique
288 795 319 850 in
342 792 462 869 potione
487 793 598 870 sumpti
621 791 782 852 efficaciter
806 791 991 852 summeiulis
1014 805 1158 871 prosunt.

85 880 199 950 1270ui
222 882 339 942 urInam
365 885 468 940 tenere
486 897 547 940 non
565 881 684 959 poterit,
704 897 810 956 caprae
829 881 974 940 vessicam
994 882 1158 945 comburat

84 975 171 1029 138et
194 970 326 1028 cinerem
350 969 414 1027 eins
437 987 474 1027 ex
498 986 573 1046 aqua
597 986 665 1027 enm
684 969 745 1026 vini
763 970 883 1046 potione
902 968 993 1030 bibat.
1031 969 1157 1033 Verrini

136 1056 272 1134 genitalis
299 1058 360 1117 usti
389 1058 521 1117 clnerem
544 1055 647 1117 bibere
672 1055 781 1117 debent
804 1075 841 1118 ex
864 1058 931 1118 vino
956 1058 1008 1136 qni
1032 1062 1155 1120 urinam
1169 1076 1193 1114 ro

84 1147 294 1206 tracontinere
318 1162 378 1204 non
401 1152 536 1222 possunt.
568 1145 602 1206 In
625 1143 717 1205 cubili
740 1146 822 1207 canis
840 1146 958 1205 urinam
977 1145 1077 1228 faciat,
1101 1152 1155 1228 qni

135 1236 252 1295 urinam
275 1251 336 1294 non
359 1240 458 1312 potest
481 1235 648 1313 continere,
677 1233 828 1316 dicatque,
851 1234 922 1295 dum
946 1234 1029 1314 facIt,
1057 1255 1097 1297 ne
1122 1240 1154 1298 iu

135 1322 228 1384 cubili
251 1341 305 1383 suo
330 1325 446 1384 urinam
469 1330 503 1383 ut
527 1323 609 1385 conlo
632 1322 729 1383 iaciat.

83 1423 133 1470 130
224 1410 333 1472 UrInae
351 1413 490 1490 propriae
510 1419 782 1490 quantumcumque
801 1412 950 1490 ignoranti
970 1414 1152 1475 summeinlo

135 1501 296 1561 efficaciter
324 1500 448 1563 offertur
475 1499 521 1560 vel
548 1517 610 1579 res,
640 1517 714 1578 quas
736 1501 948 1581 conminxerit,
970 1502 1002 1560 in
1028 1505 1189 1580 potione1⁵

134 1592 343 1668 exprimuntur
370 1596 422 1649 aut
448 1587 559 1648 ibidem
588 1587 745 1648 diluuntur
774 1595 803 1647 et
830 1590 872 1648 ita
902 1589 931 1647 ei
959 1589 1056 1651 inscio
1087 1593 1152 1671 ipsa

132 1681 214 1756 potio
238 1679 422 1755 propinatur.

81 1777 130 1825 131
222 1764 337 1825 Vitrum
361 1772 441 1826 teres
465 1764 623 1842 diligenter
650 1772 770 1825 etcum
794 1767 861 1843 pice
884 1765 983 1825 cedria
1007 1767 1151 1829 miscebis

133 1863 220 1933 atquc
240 1856 281 1914 ita
300 1853 432 1914 chartam
451 1855 596 1932 virginem
614 1852 722 1914 inlines
743 1860 773 1913 et
791 1852 914 1914 renibus
928 1853 1069 1937 adpones,
1090 1875 1151 1936 quo

132 1943 325 2003 medicamine
345 1942 450 2003 diebus
470 1950 584 2021 septem
603 1943 713 2021 ingiter
731 1960 805 2002 usus
824 1959 913 2003 sanus
932 1942 1059 2004 firmiter
1079 1947 1149 2006 eris
1165 1957 1190 1997 2⁰

80 2043 129 2092 132
220 2031 263 2092 td
287 2031 489 2095 reniculorum
513 2030 646 2092 dolorem
665 2029 845 2110 observabis,
868 2039 902 2092 ut
920 2038 988 2109 post
1006 2031 1148 2094 balneum

131 2138 251 2198 poscam
275 2119 399 2180 calidam
423 2119 507 2180 bibas
530 2137 585 2196 per
607 2119 710 2196 plnres
733 2119 806 2200 dies,
829 2126 859 2179 et
883 2120 1020 2197 quotiens
1043 2120 1148 2183 dolore

131 2206 337 2285 interpellatus
361 2208 463 2288 fueris,
486 2207 565 2266 idern
588 2207 688 2268 iacies

46 2327 48 2333 ·
78 2307 128 2355 133
219 2293 377 2354 Conditum
405 2294 441 2355 ad
469 2293 672 2357 renicnlorum
700 2295 832 2355 dolorem
861 2296 905 2357 vel
933 2296 968 2356 ad
997 2296 1148 2360 calculum

130 2384 187 2443 sic:
211 2381 379 2460 Saxifregae
405 2415 443 2426 -
464 2381 491 2463 1,
514 2384 680 2444 vettonicae
704 2417 746 2427 -
766 2384 792 2464 I,
819 2384 993 2462 petroselini
1015 2386 1093 2446 -Ι
1115 2387 1145 2469 S,
1161 2400 1186 2440 2⁵

130 2472 189 2549 apii
213 2472 334 2531 seminis
357 2504 402 2514 —
420 2469 446 2551 I,
469 2478 554 2532 rutae
578 2473 700 2533 seminis
724 2465 764 2558 ,β
784 2469 885 2552 XVIII,
909 2474 1021 2552 piperis
1044 2507 1090 2518 -—
1109 2475 1146 2557 II,

128 2562 188 2619 vini
217 2561 322 2638 optimi
349 2558 380 2620 θ
408 2559 475 2641 XII,
503 2559 598 2621 mellis
626 2563 730 2639 optimi
756 2561 791 2624 P.
817 2560 849 2621 V.
895 2561 1015 2625 'fundes
1044 2566 1146 2624 omnia

129 2657 218 2729 atque
250 2648 397 2710 cribrabis
435 2658 464 2711 et
496 2649 661 2730 conditum,
699 2667 768 2711 cum
805 2652 937 2727 exegerit
967 2655 1145 2734 necessitas,

128 2739 219 2801 facies
247 2758 355 2818 eoque,
384 2737 437 2799 ubi
463 2737 666 2800 reniculornm
694 2737 778 2798 dolor
803 2744 854 2799 aut
876 2738 1011 2800 molestia
1035 2740 1146 2803 calculi

130 2827 227 2908 fuerit,
250 2830 354 2890 uteris.
1158 2842 1183 2882 ιο

75 2928 126 2976 134
217 2916 399 2994 Saxifragam
418 2914 549 2996 herbam,
567 2916 774 2994 petresilinum
793 2914 1024 2996 Macedonicum,
1045 2919 1144 3000 pIper,

126 3005 197 3086 mel,
220 3008 336 3066 vinum:
360 3024 396 3066 ex
418 3004 465 3064 his
489 3004 628 3066 omnibus
650 3005 804 3066 conditum
826 3004 917 3065 facies
941 3012 971 3065 et
993 3004 1143 3068 laboranti

128 3093 274 3153 calculoso
293 3113 348 3173 per
367 3092 498 3172 singulas
517 3096 697 3172 septimanas
715 3096 866 3172 potionem
883 3091 961 3153 Iovis
980 3093 1028 3154 die
1046 3095 1141 3157 dabis.

127 3178 315 3241 Conficienda
338 3189 437 3242 autem
459 3184 541 3260 potio
564 3182 612 3243 die
635 3181 712 3243 Iovis
734 3182 804 3245 luna
826 3188 926 3245 vetare
949 3185 1015 3244 erit.

215 3392 231 3440 8
251 3386 406 3440 comburat.
512 3392 544 3441 18
564 3386 669 3457 cedria]
688 3385 775 3441 ebria.
876 3393 909 3442 23
929 3387 1016 3460 idem]
1036 3389 1067 3446 id
1086 3393 1139 3448 eat.

125 3461 158 3509 33
179 3457 238 3528 ubi]
258 3455 306 3511 ibi.
379 3464 413 3512 30
431 3456 525 3511 eterit.
598 3462 632 3511 33
651 3456 793 3528 septimas.
848 3458 851 3468 '
