2422 3878
540 103 776 168 -122-

149 285 219 326 vere
250 269 383 345 gingivae
412 276 441 327 et
469 266 575 326 dentes
603 272 761 342 tangantur
789 263 912 324 adsidue
940 273 971 324 et
996 272 1067 344 post
1094 267 1159 325 vino

97 367 130 415 14
150 364 250 415 vetere
275 374 309 414 os
333 355 456 416 eluatur.
499 354 623 432 Senapis
646 354 730 431 grani
753 350 846 434 XIII,
868 355 981 432 piperis
1006 352 1072 432 XI,
1096 353 1159 414 her·

150 443 203 503 bae
222 442 409 522 peduclariae
429 446 524 504 siccae
544 442 570 502 X
589 441 634 520 VI,
658 443 759 520 cyperi
777 440 866 520 idem,
884 443 956 502 nitri
974 440 1000 501 X
1018 440 1056 521 H,
1077 459 1160 521 pyre-

149 532 210 591 thri
233 530 343 611 XIIII,
371 534 485 610 origani
508 529 606 609 XIII,
633 530 709 589 lauri
737 528 876 590 loliorum
898 539 1074 590 tenerorum
1098 529 1161 610 XI,

150 620 303 681 bituminis
327 620 402 681 aridi
420 619 445 679 X
465 619 510 680 Vl.
547 619 581 679 In
604 617 665 678 sole
689 617 762 678 haec
785 620 884 678 omnia
908 625 1047 679 teruntur
1071 628 1102 678 et
1125 635 1183 679 exo

148 728 237 789 aqua3
261 709 368 770 deinde
391 709 500 787 pastilli
523 709 611 787 hunt,
640 725 768 786 quorum
795 725 874 767 unus
902 706 937 766 ad
966 706 1045 767 diem
1074 706 1161 768 datur

97 811 129 858 15
149 797 439 858 commanducandus
458 797 592 857 dentium
612 814 709 857 causa.
751 794 867 875 PIperis
885 793 911 854 X
930 794 965 875 II,
989 798 1108 874 senapis
1131 798 1161 855 in

148 904 240 964 grano
264 885 371 966 XXII,
394 888 476 945 anesi
498 884 524 943 X
548 885 594 961 VI,
620 902 694 944 uvae
716 902 819 963 passae
843 885 961 962 plnguis
984 893 1161 961 exgranatae

148 975 173 1034 X
192 974 315 1055 XXIIII,
338 974 473 1054 pyrethri
496 973 606 1053 XIIII,
631 972 740 1032 herbae
764 971 950 1050 peduclariae
974 971 1088 1054 XIIII,
1111 973 1160 1052 hy·

151 1067 216 1141 sopi
240 1063 276 1123 de
300 1064 421 1124 denario
445 1062 519 1123 duas
542 1071 656 1142 partes,
678 1061 755 1121 lauri
779 1059 847 1120 lolia
870 1079 995 1121 numero
1018 1060 1060 1144 X,
1084 1065 1195 1122 aerisn

148 1151 231 1210 iloris
254 1150 332 1211 XII.
369 1151 449 1212 Haec
473 1170 540 1212 cum
564 1150 649 1210 melle
673 1149 882 1227 decoquuntur
904 1159 993 1228 atque
1017 1150 1088 1211 inde
1110 1169 1159 1230 pa·

96 1252 128 1298 16
149 1238 220 1298 stilli
247 1240 317 1299 lacti
344 1239 382 1299 ob
407 1240 609 1301 salubritatem
632 1238 765 1298 dentium
789 1239 1045 1299 commendantur.
1092 1237 1160 1298 Em·

148 1326 257 1404 plastra
280 1336 379 1388 antem
403 1328 542 1389 dentibus
565 1325 734 1388 dolentibus
762 1328 833 1404 poni
855 1336 974 1405 oportet
997 1327 1160 1389 eiusmodi:

147 1416 321 1495 Aphronitri
349 1417 374 1476 X
398 1416 437 1495 II,
464 1419 576 1496 piperis
603 1414 698 1494 XVI,
725 1413 835 1489 herbae
862 1414 1050 1493 peduclariae
1081 1416 1107 1477 X
1129 1416 1161 1495 V,

147 1507 263 1566 resinae
282 1505 500 1566 terebinthinae
519 1503 701 1565 tantundem.
734 1502 813 1564 Haec
829 1502 1009 1582 colliguntur
1028 1515 1058 1565 et
1077 1505 1160 1565 inlita
1174 1520 1197 1561 15

146 1593 266 1655 linteolo
290 1595 336 1654 vel
360 1594 438 1654 aluta
461 1593 573 1652 dolenti
596 1591 729 1652 maxillae
753 1593 951 1672 inponuntur3
980 1592 1033 1652 sed
1062 1595 1089 1653 si
1112 1613 1159 1653 ex·

147 1691 266 1743 cavatus
294 1684 386 1742 suerit
413 1681 500 1760 dens,
527 1682 649 1741 inicitur
677 1683 708 1740 in
736 1699 891 1741 cavernam
919 1683 984 1742 eius
1015 1690 1159 1757 quantum

148 1773 186 1830 sit
210 1775 282 1832 satis
305 1771 512 1831 medicamenti
535 1769 571 1829 ad
595 1768 773 1848 explendum
796 1769 908 1848 locum,
936 1779 1000 1830 tum
1024 1789 1094 1830 cera
1117 1780 1160 1831 te·

95 1871 126 1920 17
147 1861 227 1938 gitur
250 1862 380 1921 exterior
402 1876 471 1936 pars
495 1858 656 1919 foraminis.
689 1858 764 1918 Item
783 1857 975 1937 emplastrum
994 1857 1051 1918 alio
1070 1859 1159 1920 modo

146 1949 364 2009 conficiendum
392 1947 549 2007 adversum
578 1947 711 2007 dentIum
745 1948 830 2007 vitia:
875 1945 1013 2025 Pyrethri
1041 1945 1067 2007 X
1096 1948 1158 2028 IIII,
1172 1964 1197 2002 so

147 2036 264 2096 cedriae
284 2035 385 2114 XIIII,
404 2053 541 2095 amurcae
561 2043 661 2096 coctae
680 2034 795 2115 XXVI,
814 2033 947 2113 sulpuris
965 2037 1024 2095 vivi
1043 2033 1159 2116 XXVI,

145 2126 221 2203 picis
239 2123 368 2202 liquidae
385 2122 410 2182 X
426 2122 489 2202 XII,
509 2122 663 2184 bitumInis
681 2123 757 2184 aridi
771 2121 797 2182 X
813 2121 870 2184 VII.
898 2123 1026 2184 destinis
1044 2132 1159 2204 tempo-

146 2212 229 2271 ribus
253 2212 360 2272 confiai
383 2221 501 2289 oportet
524 2212 581 2273 hoc
605 2212 862 2292 medicamentum,
887 2213 928 2272 ita
952 2220 986 2272 ut
1008 2212 1065 2273 sub
1090 2222 1159 2274 ortu

147 2300 253 2360 sideris
268 2301 350 2360 canis
361 2300 435 2360 haec
449 2309 585 2361 terantur
599 2304 630 2360 in
645 2300 706 2361 sole
721 2300 909 2380 calidissimo,
923 2299 1018 2362 donec
1030 2301 1160 2363 habeant

95 2401 127 2449 18
147 2391 241 2449 ceroti
263 2391 359 2449 teneri
384 2389 615 2468 spissitudinem.
652 2389 727 2449 Item
745 2388 823 2450 aliud
843 2388 1036 2467 emplastrum
1055 2390 1159 2451 adver·
1173 2405 1197 2446 aa

146 2495 212 2536 sum
227 2476 361 2538 dentium
376 2478 506 2540 dolores:
520 2478 645 2558 PIperis,
661 2477 804 2556 pyrethri,
819 2476 951 2556 sulpuris
964 2481 1032 2559 vivi,
1047 2497 1159 2562 soreoS,

146 2565 332 2644 singulorum
351 2567 562 2647 Xquaternos,
585 2584 722 2626 amurcae
741 2564 827 2646 XVI,
846 2565 961 2626 arboris
980 2569 1058 2628 mori
1073 2567 1159 2630 lacri-

146 2673 211 2715 mae
231 2652 256 2713 X
275 2654 307 2736 V,
331 2659 406 2735 picis
429 2655 558 2734 liquidae
577 2653 652 2735 XII,
675 2653 814 2714 aluminis
833 2655 895 2714 dssi
914 2653 1017 2735 XIIII,
1041 2657 1159 2718 cedriae

147 2743 220 2823 XX,
243 2743 398 2805 bituminis
417 2744 492 2803 aridi
511 2742 537 2801 X
556 2741 601 2821 VI,
621 2741 730 2803 herbae
749 2742 936 2821 peduclariae
960 2743 986 2803 X
1006 2743 1041 2805 11
1073 2744 1160 2806 Simi-

145 2832 214 2893 liter
242 2833 298 2893 sub
326 2842 395 2894 ortu
423 2834 505 2892 canis
535 2833 715 2910 conponitur
745 2831 802 2892 hoc
830 2831 1022 2910 emplastrum
1051 2841 1094 2915 et,
1128 2843 1198 2896 uteo

145 2940 235 3000 supra
254 2925 400 3002 scriptum
419 2930 474 3001 est,
497 2919 655 2980 adhibetur
673 2918 816 3001 maxillae,
838 2922 869 2980 in
894 2937 951 2999 qua
974 2919 1049 2981 dens
1067 2921 1160 3004 dolet,

93 3021 126 3069 19
145 3007 266 3068 linteolo
290 3010 382 3071 denso
407 3009 452 3069 vel
476 3008 572 3070 alutae
595 3008 721 3070 inlitum.
756 3007 831 3068 Item
854 3007 934 3068 aliud
953 3009 1160 3088 emplastrum:

145 3095 269 3175 PIperis,
288 3101 358 3176 opii,
377 3097 470 3158 oliuae
485 3097 684 3176 Aethiopicae,
698 3097 837 3157 lacrimae
854 3098 939 3175 mori,
958 3115 1084 3180 myrrae,
1100 3103 1159 3161 sin-

145 3183 283 3261 gulorum
307 3185 332 3244 X
356 3186 455 3265 binos,
484 3185 611 3245 hederae
640 3187 741 3264 nIgrae
770 3184 910 3246 bacarum
933 3185 1044 3269 XIIII,
1072 3188 1159 3250 betae

218 3394 250 3442 15
269 3388 372 3442 msinee
390 3388 592 3444 terebentinae.
666 3395 699 3445 16
719 3389 848 3446 dolentis.
916 3396 951 3445 24
970 3391 1162 3450 caledissImo.

144 3464 179 3513 26
199 3475 292 3514 soreos
309 3458 355 3513 vel
374 3460 438 3514 sori.
512 3466 544 3513 ‘27
565 3477 701 3516 amorcae.
773 3462 928 3519 lacrimam.
