2422 3878
530 116 769 179 -112-

141 290 171 340 et
198 279 353 339 formatam
381 278 503 358 pilulam
531 279 689 339 rotundam
713 278 836 338 naribus
858 280 988 360 inseres;
1015 277 1151 340 omnibus

88 377 122 425 66
141 371 220 428 vitiis
243 375 383 446 purgatas
408 385 495 428 nares
514 370 573 427 cito
592 367 628 427 ad
648 368 805 428 sanitatem
823 367 977 445 perduces.
1011 366 1151 447 Polypum

141 457 279 516 emendat
296 456 387 516 herba
407 455 630 537 proserpinalis,
648 474 723 534 quae
738 455 849 516 Graece
868 455 1074 536 draconteum,
1090 455 1150 515 Gal-

140 546 196 606 lice
220 547 340 623 gigarus
363 544 536 624 appellatur,
559 544 606 604 vel
628 546 655 603 si
678 562 769 604 sucus
792 546 857 604 eius
878 543 1001 604 naribus
1019 544 1151 605 infunda-

141 642 191 694 tur
213 635 258 694 vei
287 636 313 693 si
340 644 470 712 papyrus
498 633 567 692 inde
590 633 699 692 iniecta
724 640 754 692 et
777 632 898 710 speciilo
921 632 1052 693 involuta
1078 635 1173 692 nari-o

141 721 198 783 bus
217 725 367 782 inseratur
385 730 416 781 et
434 729 551 799 postera
572 721 619 781 die
639 720 791 781 educatur.
830 720 941 782 Omnes
959 723 1039 781 enim
1059 720 1152 782 morbi

88 817 121 866 69
142 811 256 870 radices
281 810 395 870 extrahi
414 813 479 870 eius
498 812 658 870 iniectione
677 809 866 869 manifestum
886 817 940 870 est.
976 808 1072 870 Nares
1092 827 1152 889 gra-

141 901 216 958 riter
244 898 359 959 olentes
387 899 523 959 emendat
551 901 652 958 sucus'
669 898 796 958 hederae
827 898 1000 976 frequenter
1028 899 1152 959 infusus.

89 994 123 1042 66
141 987 233 1047 Cuius
257 1005 344 1047 nares
367 987 515 1068 ietehunt,
543 985 770 1066 remediahitur,
799 988 825 1045 si
852 1004 939 1046 nares
968 986 1042 1047 muli
1070 1006 1151 1048 oscu-

141 1075 234 1156 letur;
258 1075 396 1136 similiter
418 1077 553 1156 proderit
571 1075 699 1155 mrdieri,
722 1077 748 1135 si
766 1093 854 1135 nares
873 1075 968 1135 mulae
988 1075 1152 1136 hasiaverit
1164 1093 1184 1132 1o

89 1170 121 1218 61
142 1163 200 1234 Qui
223 1164 362 1243 polypum
387 1167 508 1244 patitur,
531 1163 680 1224 brassicae
704 1166 848 1223 erraticae
869 1163 998 1224 radicem
1019 1173 1153 1225 conterat

141 1262 171 1312 et
199 1255 264 1314 eius
292 1272 398 1314 sucum
426 1254 548 1314 adsidue
577 1253 699 1313 naribus
727 1262 871 1331 quantum
901 1255 1034 1330 potuerit
1057 1253 1153 1333 ducat,

88 1347 122 1394 et
141 1343 219 1401 intra
247 1343 379 1403 triduum
407 1341 629 1403 remediabitur.
672 1341 782 1401 Sucum
810 1339 938 1401 hederae
966 1351 997 1401 et
1020 1341 1152 1402 aristolo-

141 1432 215 1489 ciam
240 1441 270 1491 et
293 1450 435 1511 cyperum
455 1439 485 1491 et
503 1431 679 1491 draconteae
699 1447 800 1489 semen
820 1439 850 1489 et
867 1428 1031 1490 melilotum
1050 1432 1153 1509 aequis

141 1521 290 1579 mensuris
309 1527 430 1580 contere
451 1538 484 1579 ac
504 1519 625 1578 uarihus
643 1517 779 1598 iufunde;
803 1534 862 1596 quo
881 1517 958 1578 facto
978 1537 1039 1579 uon
1058 1519 1153 1579 solum
1165 1534 1185 1574 1⁵

59 1665 64 1674 ,
87 1613 120 1660 63
141 1608 279 1686 fetorem,
308 1609 359 1668 sed
389 1610 478 1667 etiam
506 1624 662 1666 cancroma
686 1608 802 1666 narium
826 1605 953 1666 curabis.
991 1606 1071 1666 Naso
1091 1625 1153 1686 gra·

140 1698 217 1756 viter
240 1696 338 1756 oiente
358 1714 447 1756 sucus
466 1694 595 1754 hederae
614 1695 787 1771 frequenter
805 1694 982 1773 infunditur,
1000 1695 1153 1756 dracontei

141 1802 260 1862 quoque
285 1801 376 1844 sucus
400 1801 468 1843 oum
491 1782 577 1842 melle
601 1782 723 1862 inditur,
747 1802 822 1860 quae
845 1801 896 1843 res
915 1786 1002 1844 etiam
1021 1787 1152 1845 carcino-

87 1878 121 1927 64
141 1883 217 1932 mata
245 1875 381 1952 extirpat.
427 1871 516 1931 Ficus
545 1873 633 1931 etiam
663 1881 779 1931 veteres
806 1873 950 1932 contritae
981 1882 1012 1932 et
1039 1875 1070 1932 in
1099 1873 1152 1933 olla

141 1979 209 2020 oum
233 1979 321 2039 posca
345 1967 446 2021 coetae
471 1959 593 2020 naribus
615 1961 809 2040 instipantur3
834 1959 892 2021 hoo
915 1963 1013 2021 omnia
1037 1963 1187 2022 nariumso

87 2055 121 2103 66
141 2050 209 2107 vitia
234 2049 380 2108 emendat.
425 2047 501 2108 Ruta
525 2067 560 2108 ex
585 2057 667 2108 aceto
691 2051 752 2108 aori
776 2051 943 2109 conteritur
968 2056 1057 2128 atque
1085 2050 1153 2110 inde

140 2137 262 2214 pinnula
281 2138 472 2216 intinguitur3
495 2155 528 2196 ea
549 2139 580 2196 in
598 2154 685 2197 nares
708 2139 843 2197 coniecta
866 2140 1040 2216 sanguinem
1060 2137 1153 2198 fluen-

87 2233 121 2281 66
140 2232 200 2283 tem
224 2224 384 2284 efficaciter
407 2224 534 2285 cohibet.
572 2225 695 2284 Stercus
716 2227 815 2286 asinae
834 2227 950 2287 aridum
969 2227 1093 2287 narihus
1111 2230 1153 2286 in-

140 2313 260 2372 iriotum
289 2316 462 2390 sanguinem
491 2316 555 2373 sine
583 2315 803 2374 intermissione
830 2313 972 2375 fluentem
1001 2317 1061 2375 cito
1084 2333 1152 2375 con-

88 2411 120 2459 61
141 2403 244 2480 pe'soit.
291 2400 414 2461 Stercus
442 2400 618 2461 caballinum
647 2403 837 2478 exprimitur,
864 2403 935 2463 dum
963 2422 1069 2464 reeens
1098 2415 1187 2477 estro

141 2493 264 2568 eiusque
297 2508 388 2550 sucus
415 2489 537 2549 naribus
566 2490 694 2549 trahitur
727 2489 763 2549 ab
796 2508 843 2571 eo,
881 2495 929 2551 oui
962 2495 1152 2570 inportunius

88 2587 121 2636 68
141 2578 245 2639 fluunt.
291 2578 431 2639 Radioem
455 2578 616 2658 symphyti,
648 2577 725 2656 quod
755 2578 833 2638 alum
862 2579 1004 2640 Gallicum
1034 2581 1152 2661 dieitur,

87 2677 121 2725 66
141 2668 368 2728 commanducet
391 2675 421 2726 et
443 2666 549 2745 glutiat
572 2669 624 2744 qui
643 2666 787 2744 profluvio
811 2670 927 2728 narium
951 2668 1074 2730 laborat.
1109 2669 1150 2730 hd

140 2775 242 2817 aurem
270 2756 402 2817 eiusdem
430 2757 537 2834 partis,
568 2755 604 2815 de
633 2773 690 2832 qua
718 2773 772 2832 per
800 2774 900 2817 narem
930 2761 1051 2836 sanguis
1078 2757 1152 2836 huit,

140 2846 199 2907 diei
222 2854 339 2925 oportet
363 2856 409 2905 ter
432 2845 534 2903 novies
559 2861 708 2922 σοκσοκαμ
730 2861 861 2922 συκυμ6;
886 2848 973 2906 etiam
992 2856 1094 2924 postea
1115 2848 1188 2906 sico

87 2943 120 2990 70
140 2935 249 2994 militer
272 2935 362 2994 dices.
408 2932 528 2992 Scribes
556 2933 586 2991 in
615 2932 715 2992 charta
739 2935 853 3011 virgine
876 2942 906 2995 et
929 2933 1005 2993 66116
1028 2953 1152 3013 suspen-

141 3021 192 3081 des
216 3023 275 3082 1166
300 3022 367 3082 rudi
391 3021 513 3099 ligatum
539 3019 633 3080 tribus
658 3020 743 3080 nodis
769 3025 809 3102 ei,
838 3025 888 3100 qui
916 3022 1063 3101 profluvio
1087 3041 1151 3082 san-

88 3117 120 3168 11
140 3111 238 3186 guinis
252 3109 378 3170 laborat:
396 3122 830 3187 ψαψεψηψεψηψαψε.
852 3109 883 3170 Si
897 3113 928 3170 in
942 3130 1033 3172 manu
1048 3112 1151 3172 dextra

210 3259 275 3313 461
298 3276 348 3314 om.
372 3266 436 3314 ante
458 3276 548 3314 sucus.
640 3258 802 3327 bspioillo.
893 3269 926 3318 13
951 3263 1151 3319 eristolooium.

141 3337 174 3384 19
193 3331 328 3402 extirpet]
348 3330 473 3397 exurpet.
518 3397 524 3408 ι
555 3329 641 3383 ollem
660 3345 722 3383 com
742 3347 835 3399 posca.
917 3339 951 3389 22
970 3334 1151 3407 intinguitur]

139 3400 289 3527 iffi&
353 3407 386 3455 2⁷
410 3397 588 3454 buloallrcum
615 3401 674 3470 (sic)
695 3416 748 3468 pro
772 3402 849 3457 alum
868 3401 939 3458 Gall.
1021 3412 1054 3461 31
1075 3406 1151 3460 diois.
