2422 3878
535 108 753 172 ,36-

85 285 95 294 ’·
120 271 259 349 apenitus
287 268 425 349 obstipet.
473 268 505 329 Si
528 268 612 329 dolor
636 288 672 330 ex
696 269 820 330 cerebro
843 272 997 355 gignetur,
1025 272 1152 334 hederae

138 357 208 418 lolia
236 364 351 437 septem
379 367 416 418 et.
436 359 559 419 nucleos
586 366 729 437 purgatos
756 377 792 420 ex
821 362 947 438 persicis
975 369 1092 440 septem
1118 380 1152 422 ex

139 444 204 507 oleo
237 455 267 507 et
300 455 384 508 aceto
418 447 567 526 decoquas
599 449 772 526 pariterque
800 456 938 509 conteres
966 457 1057 528 atque
1084 450 1154 511 inde

86 545 119 596 '13
139 543 273 615 tempora
297 543 327 596 et
350 536 479 596 frontem
502 535 630 596 dolentis
653 534 793 596 obducas.
830 535 906 598 Ruta
930 540 1001 599 trita
1021 546 1106 599 aceto
1126 547 1156 600 et

139 621 203 684 oleo
228 642 351 684 rosaceo
370 627 462 685 mixta
481 624 607 685 mirifice
626 623 760 684 dolorem
778 626 884 704 capitis
902 629 1010 687 avertit
1029 626 1178 689 cerebros

87 723 121 772 24
139 711 185 772 vel
213 713 399 792 temporibus
427 713 534 773 inlusa.
581 712 676 792 Caput
699 715 788 773 ocimi
811 715 917 775 tritum
940 734 1008 776 cum
1032 733 1155 778 rosaceo

86 812 120 860 23
140 799 204 860 oleo
228 809 280 863 aut
302 809 416 880 myrteo
437 811 468 861 et
486 808 570 861 aceto
589 802 681 862 fronti
700 803 867 863 rectissime
886 805 1050 882 inponitur.
1089 804 1157 866 Ser·

139 887 253 968 pullum
277 888 433 950 decoctum
456 908 492 950 ex
517 898 600 951 aceto
624 898 654 950 et
677 893 783 952 tritum
806 900 889 953 recte
908 894 1065 972 inponitur
1083 902 1156 955 tom·

86 989 120 1038 73
138 977 264 1057 poribus
282 985 315 1038 et
333 978 432 1039 fronti.
469 977 584 1039 Corona
604 979 640 1039 de
658 978 757 1058 puleio
772 980 895 1058 prodest
908 984 999 1060 capiti
1018 984 1156 1062 inposita,

87 1077 120 1126 aa
139 1068 165 1127 si
189 1074 300 1126 terram
324 1085 383 1127 non
406 1074 516 1144 tangat.
562 1066 594 1127 Si
617 1067 747 1129 difficilis
770 1086 892 1130 somnus
923 1077 1030 1130 estex
1055 1070 1188 1132 doloroso

140 1157 255 1235 capitis,
279 1154 343 1215 oleo
367 1154 552 1235 amygdalino
576 1163 666 1235 caput
689 1174 802 1235 ungere
823 1166 942 1236 oportet
960 1167 991 1220 et
1009 1168 1156 1240 tempora3

138 1243 315 1305 nucleorum
344 1261 414 1304 vero
442 1245 553 1323 persici
583 1245 677 1305 farina
701 1263 768 1306 cum
793 1245 879 1306 melle
903 1254 933 1306 et
956 1255 1041 1308 aceto
1067 1249 1157 1309 ironti

139 1331 223 1393 inlita
251 1332 388 1414 prodest3
416 1332 515 1393 nuclei
544 1351 663 1412 quoque
687 1333 865 1412 amygdalini
887 1337 952 1419 triti
974 1335 1092 1397 utiliter
1113 1339 1156 1397 in·

88 1429 121 1480 28
140 1429 308 1501 ponuntur,
339 1424 428 1482 etiam
451 1423 483 1482 in
506 1421 649 1482 febribus.
694 1420 788 1481 Ranae
811 1422 887 1484 lauri
910 1425 1008 1503 inpari
1032 1443 1157 1486 numero

89 1519 121 1569 23
141 1512 172 1570 in
192 1509 258 1570 oleo
278 1512 424 1571 contritae
444 1519 474 1571 et
493 1513 583 1590 capiti
602 1509 702 1571 inlitae
721 1518 826 1570 sanant
845 1511 986 1572 dolorem.
1022 1512 1157 1574 Hederae
1169 1530 1189 1572 u

142 1597 210 1658 folia
234 1599 406 1660 mollissima
430 1601 500 1660 trita
523 1617 558 1659 ex
583 1606 667 1659 aceto
687 1607 717 1659 et
734 1617 857 1660 rosaceo
877 1601 1019 1662 adversus
1039 1620 1157 1663 omnem

88 1697 122 1748 80
142 1687 276 1747 dolorem
304 1688 396 1748 fronti
423 1687 599 1747 inlinuntur.
654 1687 803 1748 Panaceae
832 1688 915 1749 radix
938 1691 970 1749 iu
994 1689 1060 1751 oleo
1084 1693 1157 1751 inte·

87 1785 121 1834 81
141 1778 221 1837 ritur
247 1783 277 1837 et
300 1775 407 1835 deinde
431 1776 521 1852 capiti
544 1774 713 1836 instillatur.
757 1775 831 1837 Ossa
854 1776 891 1837 do
914 1780 1010 1856 capite
1030 1778 1157 1840 vulturis

88 1873 122 1924 82
142 1863 257 1943 alligari
280 1864 404 1942 prodest
426 1864 514 1941 capiti
539 1862 658 1925 dolenti.
696 1863 881 1925 Gallinaceus
904 1865 1005 1944 pullus
1023 1867 1157 1929 inclusus

141 1951 311 2012 abstinetur
339 1958 428 2011 nocte
451 1958 481 2011 et
504 1950 566 2032 die,
595 1952 701 2013 deinde
725 1955 791 2014 eius
813 1952 966 2032 gallinacei
989 1954 1090 2034 pluma
1114 1955 1190 2016 velat

141 2040 234 2099 crista
271 2038 407 2118 alligatur
440 2038 477 2100 ad
504 2039 612 2100 collum
642 2049 693 2102 aut
720 2041 848 2103 dolentis
877 2050 967 2123 caput
994 2062 1028 2104 ac
1058 2047 1157 2106 statim

89 2138 123 2188 83
142 2127 287 2187 medetur.
335 2126 481 2188 Surculus
511 2146 547 2188 ex
576 2129 647 2189 nido
669 2130 751 2190 milvi
773 2130 893 2210 pulvino
917 2130 1046 2192 dolentis
1070 2141 1158 2213 caput

88 2227 123 2276 84
142 2216 349 2294 superpositus
368 2216 499 2294 prodest.
543 2216 728 2278 Murinarum
747 2218 870 2297 pellium
890 2228 1064 2282 exustarum
1083 2224 1158 2283 cinis

89 2316 122 2365 85
143 2322 179 2365 ex
203 2312 286 2364 aceto
309 2304 402 2366 fronti
425 2305 528 2366 inlitus
549 2306 680 2385 prodest.
718 2306 841 2368 Cocleao
860 2311 1039 2370 matutinum
1059 2328 1157 2371 rorem

141 2394 291 2471 pascentis
322 2401 411 2473 capnt
439 2394 585 2455 arundine
615 2396 798 2473 praeciditur
826 2404 856 2456 et
883 2399 914 2457 in
942 2396 1066 2459 linteolo
1089 2398 1189 2460 licioss

88 2492 123 2542 86
142 2480 279 2560 alligatur
303 2481 438 2560 colloque
462 2483 669 2565 suspenditur,
693 2486 834 2545 continuo
859 2485 1004 2547 medetur.
1050 2485 1157 2549 Fracto

143 2572 233 2648 capiti
264 2569 321 2631 tela
348 2573 450 2631 aranei
477 2590 513 2631 cx
542 2571 606 2632 oleo
630 2579 661 2632 et
692 2580 776 2632 aceto
799 2575 928 2652 inposita
951 2592 1012 2634 non
1035 2576 1158 2655 recedit,

89 2666 124 2717 8⁷
143 2661 202 2719 nisi
225 2661 381 2720 sanaverit.
419 2658 510 2720 Cerni
533 2662 646 2721 cervini
669 2662 767 2720 exusti
790 2663 866 2721 cinis
889 2662 991 2724 inlitus
1011 2664 1106 2725 fronti
1125 2683 1159 2726 ex

89 2756 123 2806 88
143 2757 226 2810 aceto
250 2756 280 2809 et
302 2766 424 2810 rosaceo
446 2748 576 2827 prodest.
613 2748 723 2809 Lanam
742 2749 874 2810 oviculae
894 2751 929 2811 de
948 2752 1028 2812 inter
1047 2753 1160 2814 femora

142 2837 232 2899 velles
265 2846 295 2899 el
327 2839 358 2898 in
391 2844 475 2898 aceto
506 2839 658 2916 intingues
689 2845 720 2898 et
748 2855 839 2917 super
867 2849 1001 2918 tempora
1030 2839 1191 2903 dolentisao

90 2934 123 2985 89
142 2926 256 3004 ligabis.
302 2927 412 2987 Lanam
447 2928 549 2987 arietis
582 2926 618 2986 de
646 2927 744 2987 fronte
773 2926 863 2986 velles
891 2935 921 2988 et
950 2928 1101 2991 conburcs
1131 2933 1161 2991 in

144 3014 285 3091 operculo
315 3014 388 3075 ollae
416 3033 492 3076 novo
520 3023 551 3075 et
578 3017 608 3075 in
637 3016 778 3076 mortario
807 3016 985 3077 confricabis
1010 3025 1102 3097 atque
1126 3038 1162 3080 ex

92 3111 126 3160 90
145 3109 228 3161 aceto
248 3102 339 3162 fronti
356 3103 472 3164 inlines.
502 3103 637 3164 Sertulae
652 3102 817 3181 Campanae
833 3104 1007 3166 fasciculum
1022 3124 1060 3166 ex
1076 3116 1162 3169 aceto

91 3199 125 3247 91
146 3190 296 3268 decoquas
319 3197 349 3250 et
372 3190 462 3252 ironti
486 3192 602 3252 inlines.
640 3189 735 3269 Caput
758 3194 784 3252 si
807 3192 907 3254 dolere
931 3196 1079 3275 coeperit,
1106 3215 1162 3258 ovo

217 3330 249 3378 11
269 3323 376 3392 ungari.
446 3330 478 3378 13
497 3324 623 3393 prosunt.
695 3332 728 3380 17
746 3327 878 3382 intentur
899 3329 948 3396 (sic
966 3329 1077 3399 scdsed:
1098 3347 1165 3387 con·

144 3394 246 3449 teritur
265 3394 426 3450 Carnarius.
515 3401 550 3450 23
569 3412 754 3451 murenarum.
837 3404 871 3454 32
890 3399 966 3454 ullae
1057 3417 1094 3457 ex
1110 3419 1163 3458 ota.

146 3470 180 3520 33
199 3466 370 3521 fascicolum.
444 3472 478 3520 34
497 3465 667 3536 dequoques.
