2422 3878
534 135 773 200 -200-

147 302 236 361 minis
264 301 328 360 triti
353 290 451 384 2⁴1ss
480 305 512 382 et
533 297 665 358 lactucae
688 293 770 358 albae
794 299 915 358 seminis
939 300 1003 359 triti
1026 299 1164 362 cocleare

92 401 128 451 46
147 406 254 469 unum,
277 388 349 448 haec
372 405 448 466 aqua
470 389 617 465 permixta
635 388 754 447 ieiunus
774 389 907 467 accipiat,
925 387 1059 465 prodest.
1099 388 1165 450 Sto·

146 476 286 538 maehum
309 475 487 537 conroborat
509 474 602 534 herba
625 474 760 536 absenthi
785 475 907 536 decocta
931 494 999 536 cum
1018 478 1090 537 vino
1114 497 1167 539 au·.

148 574 228 626 stero
253 574 341 644 atque
365 567 405 625 ita
430 563 556 623 subinde
580 574 658 642 pota,
684 566 709 624 si
737 562 835 624 febres
862 582 922 624 non
950 572 1054 646 erunt,
1084 567 1166 645 quod

148 657 174 731 si
205 653 381 733 inquietudo
419 651 524 731 luerit,
561 670 630 713 cum
667 671 742 732 aqua
777 655 865 731 coqui
897 661 926 713 et
959 653 1023 713 dari
1057 654 1188 717 dehet:5

146 746 257 805 mirum
280 750 334 803 est.

92 844 126 893 47
235 830 280 891 hd
300 829 425 890 olitanos
449 829 594 890 stomachi
617 829 735 889 dolores
762 829 904 907 malagma
929 831 971 890 sic
995 849 1165 910 conpones:

147 919 239 980 Faeni
262 920 362 996 graeci
381 919 528 999 cyathum,
551 918 605 978 lini
626 920 747 978 seminis
767 918 913 998 cyathum,
936 918 1023 979 ibisci
1041 925 1167 999 purgati

147 1008 178 1068 P.
203 1007 229 1087 l,
258 1025 350 1087 aquae
379 1004 410 1067 8
434 1006 525 1085 Vllll,
553 1006 612 1067 olei
639 1004 670 1067 8
693 1006 760 1087 1111,
789 1025 910 1084 spumae
939 1010 1054 1085 argenti
1083 1009 1116 1070 P.
1144 1011 1166 1092 l,

148 1114 287 1157 cerussae
307 1094 338 1156 P.
357 1095 379 1175 l,
403 1114 488 1156 cerae
512 1095 543 1156 P.
562 1095 575 1154 l
595 1095 624 1155 S.
649 1094 740 1163 ‘llaec
759 1097 857 1156 omnia
874 1098 905 1155 in
925 1114 1017 1156 unum
1037 1116 1166 1159 concor·
1180 1116 1202 1156 10

147 1184 268 1265 porabis
293 1192 322 1245 et
341 1185 490 1263 decoques
509 1191 539 1245 01
558 1203 626 1244 cum
646 1183 788 1261 malagma
806 1184 922 1264 feceris,
946 1186 977 1244 in
999 1203 1100 1263 panno
1121 1191 1167 1249 in-

148 1274 241 1334 duces
265 1283 295 1334 et
318 1272 469 1334 stomacho
492 1273 623 1351 adpones
642 1281 672 1334 et
691 1275 770 1333 circa
789 1275 903 1332 viscera
922 1281 981 1333 tam
1002 1274 1054 1334 diu
1073 1275 1166 1338 hahe-

95 1355 96 1359 ’
147 1362 194 1422 bis
218 1369 248 1422 et
271 1370 331 1423 tam
354 1362 476 1422 adsidue
501 1362 639 1442 adpones,
663 1361 757 1422 donec
781 1359 865 1422 dolor
888 1360 1035 1423 abscedat.

94 1462 129 1512 48
237 1451 282 1511 Ad
297 1450 483 1512 stomachum
498 1450 697 1510 fastidientem
712 1468 810 1510 escam
823 1457 853 1509 et
862 1459 1064 1512 revomentem
1076 1472 1166 1515 rosae

148 1539 313 1620 dimidium,
332 1539 411 1618 quod
432 1557 534 1599 semen
549 1546 656 1619 portat,
675 1538 705 1598 id
720 1546 766 1599 est
780 1540 877 1617 ipsum
892 1538 997 1599 florem
1011 1558 1166 1626 croceum,
1181 1559 1203 1599 rs

148 1630 313 1689 contundes
337 1635 368 1687 et
391 1627 529 1687 aluminis
549 1629 643 1706 scissi,
667 1629 776 1707 cyperi,
800 1625 933 1708 bidellae,
957 1628 1097 1691 absenthi
1117 1652 1166 1694 su·

148 1736 226 1798 cum,
248 1715 380 1795 meliloti,
399 1733 485 1775 rosae
504 1717 610 1796 siccae,
634 1717 757 1796 acaciae,
780 1717 834 1776 iris
852 1715 994 1798 Illyricae,
1018 1718 1077 1779 olei
1098 1740 1165 1782 nar·

148 1806 223 1885 dini,
252 1822 350 1883 cerae,
379 1803 572 1884 opobalsami,
600 1822 688 1883 pares
715 1822 871 1864 mensuras
900 1805 1003 1867 harum
1029 1811 1165 1871 omnium

148 1895 316 1973 specierum
335 1900 473 1952 conteres
491 1894 523 1952 in
541 1895 683 1953 mortario
699 1911 865 1953 marmoreo
880 1912 914 1955 ac
929 1895 1081 1956 stomacho
1103 1902 1165 1978 epi-

148 1982 325 2043 thematium
342 1981 504 2042 mirificum
524 1999 708 2061 superpones
727 1982 762 2042 ad
782 1984 891 2063 ignem,
915 1991 948 2043 ut
971 1991 1016 2044 est
1036 2004 1163 2049 consue·
1178 2003 1202 2042 ao

93 2081 128 2130 49
148 2071 230 2151 tudo,
254 2071 460 2148 compositum.
497 2068 729 2149 Epithematium
743 2065 897 2149 ¹optimum
919 2072 955 2132 ad
975 2075 1164 2137 stomachum

147 2158 359 2236 reparandum:
387 2158 519 2220 Masticis
545 2193 583 2202 —
605 2157 654 2239 Vl,
678 2158 757 2220 aloes
783 2193 821 2202 -
842 2159 895 2240 111,
920 2164 1044 2222 storacis
1065 2197 1108 2206 —
1130 2165 1164 2246 ll,

148 2263 234 2306 cerae
257 2245 288 2305 P.
307 2245 329 2323 l,
354 2247 501 2306 nardi-
521 2245 565 2306 Vl.
598 2245 677 2307 llaec
700 2251 813 2325 pariter
836 2249 974 2309 miscebis
999 2258 1029 2310 et
1048 2254 1164 2331 epithe-

147 2335 271 2394 matium
295 2332 405 2394 subtile
429 2335 527 2410 facies,
553 2335 631 2413 quod
655 2335 756 2397 multis
775 2336 867 2419 horiS,
890 2346 971 2398 certe
989 2339 1087 2400 hieme
1109 2360 1165 2420 per

148 2429 245 2483 totum
268 2422 355 2501 diem,
380 2425 424 2483 uti
446 2424 567 2501 poteris.
882 2430 885 2434 ⁴
1179 2443 1203 2485 11

94 2522 129 2572 10
237 2511 281 2571 Ad
302 2510 434 2571 dolorem
455 2512 599 2573 stomachi
616 2514 782 2574 vettonicae
806 2515 914 2575 radicis
936 2515 1111 2576 fasciculum
1133 2522 1165 2580 in

149 2599 204 2659 0113
229 2600 379 2679 decoques
402 2619 437 2660 ex
460 2620 536 2681 aqua
559 2601 743 2681 eandemque
771 2602 858 2663 ollam
883 2603 939 2664 suh
963 2605 1029 2664 divo
1053 2604 1165 2669 habeto

149 2698 295 2770 opertam3
315 2709 384 2751 cum
404 2690 572 2752 stomachus
591 2690 693 2751 dolore
712 2690 875 2772 vexabitur,
894 2710 989 2771 usque
1006 2692 1042 2752 ad
1057 2699 1166 2758 tertias

148 2780 272 2841 eandem
296 2797 401 2858 aquam
426 2798 558 2859 excoque
581 2786 611 2840 et
635 2779 704 2839 inde
727 2779 866 2858 cyathum
885 2799 978 2841 unum
998 2780 1166 2846 bibendum

94 2879 128 2928 11
148 2871 267 2931 ieiunus
286 2869 322 2929 ad
341 2869 419 2930 diem
439 2886 531 2928 sume.
562 2866 693 2929 Urticam
712 2886 813 2928 semen
826 2867 984 2930 habentem
998 2871 1029 2929 in
1045 2889 1165 2935 sumum
1179 2893 1205 2932 eo

149 2958 234 3019 deme
257 2977 291 3019 ac
316 2957 474 3036 diligenter
497 2956 559 3017 1313
582 2965 612 3016 01
636 2975 671 3017 ex
695 2975 729 3016 03
752 2955 947 3017 sorbitionem
972 2958 1060 3019 facito
1085 2959 1164 3023 bene

149 3047 298 3107 conditam
322 3049 386 3106 sine
410 3047 522 3126 pipere,
546 3047 719 3105 suavissime
743 3047 898 3124 accipieris
919 3046 956 3106 ad
975 3048 1165 3111 stomachum
1199 3044 1202 3050 ⁴

95 3145 128 3193 52
148 3134 351 3193 reficiendum.
397 3132 542 3203 Lactucae
568 3135 670 3212 nigrae
699 3151 813 3215 semen,
844 3134 923 3213 quod
950 3137 1048 3214 ipsum
1078 3138 1164 3199 valde

149 3223 266 3299 nigrum
290 3227 344 3300 est,
367 3223 475 3299 iopila
494 3220 590 3298 lignea
613 3229 735 3282 tunsum
755 3241 822 3282 cum
841 3223 927 3284 melle
947 3224 1051 3303 subige
1071 3236 1163 3305 atque

239 3361 253 3409 1
273 3353 407 3409 oletanos.
509 3359 541 3407 17
561 3353 690 3410 melidoti
708 3357 757 3426 (sic
774 3359 905 3427 saepius).
1004 3365 1038 3413 21
1058 3361 1164 3429 epithi-

146 3424 275 3480 matium.
340 3430 375 3478 24
393 3423 469 3491 quod
488 3425 539 3492 (010
556 3427 639 3493 cod.):
659 3443 714 3495 quo
735 3426 895 3485 Cornariua.
960 3436 994 3485 26
1012 3432 1165 3490 vetonicae

148 3498 191 3565 (ut
208 3496 327 3567 saepius)
346 3495 454 3550 radices
472 3494 643 3552 fascicolum.
716 3503 751 3553 34
768 3499 852 3556 linea.
