2452 3878
512 127 843 199 -214—'

73 310 124 358 119
214 295 259 354 Ad
283 296 427 355 stomachi
448 295 581 356 dolorem
599 297 760 356 arcendum
781 314 879 374 cymas
899 297 1017 374 senapis
1037 297 1143 357 viridis

127 402 164 443 ex
192 401 268 462 aqua
296 382 452 462 diligenter
480 401 591 461 coques
619 386 650 443 in
678 384 735 444 olla
762 401 837 443 nova
868 402 977 462 easque
1005 384 1142 444 conditas

127 471 191 531 oleo
216 479 246 532 et
268 472 429 551 liquamine
453 471 658 552 manducabis,
682 490 752 532 sane
771 470 905 552 observa,
927 479 960 532 ut
985 471 1141 549 paululum

74 573 124 622 120
133 559 202 620 salis
220 562 329 640 mittas,
348 560 420 620 dum
438 567 618 638 coquuntur,
636 568 760 638 propter
775 558 920 621 bromum.
950 559 1016 637 Mel,
1031 569 1141 641 rutam,

128 651 291 728 cyminum,
318 650 404 728 piper
432 648 520 707 simul
547 655 611 708 tere
639 657 669 708 ct
693 657 780 708 utere
803 666 858 726 pro
881 666 1009 727 oxygaro
1033 647 1070 707 ad
1094 651 1167 709 ins

73 736 293 797 121hihendum
316 736 462 797 stomachi
484 735 625 796 dolorem.
669 736 800 815 Papavcr
823 744 955 796 nostrate
975 754 1043 797 cum
1062 735 1140 796 lacte

126 843 180 886 sno
209 823 298 885 simul
326 824 474 902 dcccques
501 826 533 884 in
561 843 637 904 aqua
665 832 695 885 et
722 827 816 902 ipsam
844 843 950 904 aquam
980 824 1141 902 diligenter

73 912 255 974 maculatam
283 912 463 973 stomachico
492 931 560 972 cum
588 912 675 973 melle
702 913 801 973 Attico
832 915 916 991 potui
944 912 1035 972 dahis.
1081 912 1139 972 lris

124 1009 230 1061 tunsae
248 1000 406 1080 heminam,
425 1003 526 1080 cyperi
544 1003 627 1061 tunsi
645 1000 793 1061 heminam
812 1002 843 1061 in
863 1003 924 1061 vini
937 1002 1054 1060 Aminei
1073 1019 1139 1060 sex·

119 1090 232 1150 tarium
255 1089 408 1168 infundes,
436 1097 470 1150 ut
493 1107 551 1149 una
575 1097 662 1150 nocte
685 1097 888 1170 macerentur,
916 1089 1022 1148 deinde
1046 1088 1139 1149 addes
1154 1109 1180 1148 ro

124 1178 240 1237 resinae
259 1176 477 1238 terebinthinae
496 1210 541 1219 -
555 1176 632 1236 Vllll
662 1196 748 1238 cerac
771 1211 807 1221 -
824 1176 874 1258 111,
899 1195 972 1256 quas
991 1195 1059 1237 cum
1079 1175 1139 1237 olei

124 1267 240 1344 cyprini
268 1265 376 1326 selibra
403 1265 589 1346 liquefacies3
617 1226 724 1326 deinde
752 1265 840 1326 simul
868 1268 965 1326 omnia
995 1265 1139 1325 miscebis

125 1361 155 1413 et
178 1353 314 1414 manibus
337 1354 457 1433 subiges
476 1363 565 1432 atque
584 1354 766 1433 malagmatis
784 1372 867 1414 more
886 1353 1038 1414 stomacho
1057 1352 1138 1413 labo·

72 1444 207 1503 maranti
229 1443 368 1521 adpones.
414 1442 532 1522 Geram,
556 1442 672 1520 adeem
695 1444 862 1503 anserinam
889 1450 918 1502 et
941 1441 1082 1522 butyrum
1106 1444 1138 1501 in

125 1548 156 1591 se
185 1531 318 1611 decoque
347 1538 376 1591 et
403 1533 434 1591 iu
457 1548 555 1609 panno
580 1532 663 1590 tenui
685 1532 837 1592 stomacho
861 1530 988 1591 calidum
1012 1530 1137 1610 adpone,
1152 1549 1177 1589 15

72 1619 286 1680 124confestim
315 1619 410 1680 dolori
434 1618 579 1679 stomachi
602 1618 767 1679 subvenies.
814 1618 982 1679 Peucedani
1005 1619 1138 1678 radicem

124 1710 282 1768 contritam
311 1726 347 1768 ex
374 1709 442 1767 vino
472 1710 522 1785 qui
549 1708 723 1786 frequenter
750 1707 873 1786 biberit,
906 1726 962 1767 nec
991 1706 1138 1767 stomachi

72 1795 261 1856 ttcdolorem
284 1814 340 1856 nec
363 1795 512 1874 pulmonis
535 1795 716 1856 inflationem
740 1798 878 1875 patietur.
919 1796 992 1855 ltem
1017 1795 1052 1855 ad
1077 1803 1136 1855 sto-

123 1884 221 1945 machi
245 1883 376 1944 dolorem
400 1885 511 1963 persici
533 1883 602 1943 lolia
625 1884 730 1944 viridia
757 1891 837 1944 teres
864 1892 893 1944 et
917 1902 985 1943 cum
1009 1885 1137 1960 axungia

122 1981 223 2033 vetere
242 1980 367 2051 purgata
382 1972 502 2049 subiges
516 1980 605 2050 atque
619 1975 651 2032 in
665 1991 761 2050 panno
777 1972 813 2031 ad
828 1971 1013 2032 stomachum
1027 1990 1136 2052 pones3
1151 1990 1179 2029 so

122 2061 202 2120 idem
221 2067 351 2138 praestat
370 2068 575 2140 mentastrum,
594 2059 673 2140 quod
696 2079 786 2139 supra
800 2062 880 2138 ripas
894 2063 1035 2140 nascitur,
1055 2062 1136 2120 simi·

122 2148 191 2208 liter
214 2150 394 2226 impositum.

71 2247 122 2297 126
213 2235 393 2315 Oxypcrium
414 2236 559 2315 cydonite,
579 2236 657 2314 quod
676 2236 747 2296 facit
765 2237 800 2296 ad
821 2235 1004 2297 stomachum
1024 2244 1054 2295 et
1072 2243 1136 2296 tus-

124 2341 200 2404 sem,
229 2325 494 2402 empneumatosim
522 2341 640 2403 quoque
669 2324 756 2384 solvit
783 2335 814 2385 et
837 2325 1031 2403 digestionem
1055 2326 1136 2384 citis·

122 2413 196 2471 sime
224 2418 368 2489 praestat,
396 2412 553 2472 conficitur
581 2413 638 2472 sic:
679 2413 816 2492 Cydonea
846 2421 960 2473 matura
992 2412 1135 2490 purgabis
1150 2430 1179 2471 25

122 2499 234 2560 deforis
262 2508 292 2559 et
320 2498 439 2560 deintus
468 2508 498 2560 et
523 2499 663 2579 pensabis
692 2500 727 2561 ad
754 2501 852 2580 pondo
881 2503 937 2562 tria
963 2519 1136 2579 cequcsquc

122 2607 159 2648 ex
182 2587 278 2649 mulso
301 2589 332 2648 in
356 2587 413 2648 olla
437 2589 505 2650 rudi
528 2596 558 2649 et
579 2608 647 2650 cum
667 2589 779 2651 luerint
797 2601 889 2669 cocta,
913 2591 1003 2649 eicics
1023 2589 1059 2648 de
1079 2588 1136 2649 olla

122 2679 153 2737 in
177 2680 308 2738 catinum
332 2677 378 2737 vel
403 2680 587 2759 mortarium,
611 2678 762 2756 separabis
786 2678 893 2739 deinde
916 2696 1020 2737 sucum
1041 2676 1133 2757 illum,

123 2785 213 2845 quem
237 2773 358 2827 excocta
383 2766 562 2848 dimiserint,
589 2775 691 2845 postea
714 2768 849 2827 remittes
871 2766 1001 2845 cydonea
1021 2768 1085 2843 ipsa
1104 2768 1136 2825 in

120 2855 210 2916 olhm
238 2865 268 2916 ct
295 2864 367 2916 tunc
395 2855 486 2915 addes
514 2855 557 2915 ibi
584 2857 661 2916 aceti
688 2856 786 2934 pondo
811 2855 883 2937 duc,
911 2853 1007 2914 mellis
1031 2856 1178 2931 optimine

122 2944 220 3021 pondo
245 2946 310 3023 tria,
334 2944 403 3004 mali
426 2946 541 3022 granati
564 2946 699 3022 expressi
717 2946 879 3004 sextarium
899 2961 1000 3022 unum,
1024 2961 1135 3020 coques

123 3040 224 3108 postca
248 3031 328 3092 lento
347 3034 416 3113 igni,
441 3033 535 3093 donec
555 3051 648 3093 unum
667 3050 777 3111 corpus
796 3035 847 3093 fiat
866 3040 895 3092 et
913 3030 1020 3091 habeat
1039 3030 1135 3091 mellis

123 3119 360 3199 spissitudinem,
388 3130 490 3198 postea
519 3128 617 3181 autem
645 3120 786 3181 refundes
809 3120 880 3181 illud
905 3122 936 3180 in
960 3122 1135 3179 mortarium

120 3213 153 3265 et
171 3213 251 3266 teres
271 3206 446 3286 diutissime,
467 3208 561 3268 donec
578 3211 674 3268 omnis
688 3208 798 3268 duritia
813 3208 1000 3286 dissolvatur,
1019 3216 1049 3267 et
1064 3208 1135 3268 dum

208 3410 434 3479 lquoquuntur.
490 3410 715 3467 biubibendum.
773 3413 947 3467 9amminei.
1004 3419 1036 3467 23
1058 3411 1134 3466 cido-

97 3479 173 3535 m'te.
253 3488 290 3537 24
310 3481 570 3554 empneumatisen.
642 3487 677 3540 ‘ab
697 3483 868 3540 demiserint.
