2452 3878
508 127 724 194 „57-

107 293 240 371 positum
271 308 388 353 necnon
422 300 452 352 et
485 291 611 353 laterum
641 291 737 351 dolori
764 291 885 370 prodest
913 290 1050 352 similiter
1077 294 1139 352 ιιι·

107 382 247 460 positum.
293 379 444 460 Empyicis
467 399 536 442 vero
561 379 605 441 rel
629 382 833 461 aemoptyicis,
857 380 887 440 id
911 387 956 440 est
981 382 1032 458 qui
1055 399 1120 441 san·

107 471 228 548 guinem
251 468 287 529 de
304 467 476 546 ¹visceribus
499 487 553 548 per
577 488 609 529 cs
634 471 770 549 eiectant,
790 467 931 548 proderit,
958 471 983 528 si
1006 468 1121 530 thoraci

106 556 264 618 inductum
292 557 371 618 aluta
402 559 570 637 inponatur.
616 557 698 618 Facit
733 566 762 618 et
795 557 830 617 ad
864 564 997 617 reumata
1029 558 1120 618 etad

79 645 257 706 oartbritim
284 664 339 725 pro
367 645 539 725 malagmate
566 646 746 727 adpositum,
775 645 923 726 protrahit
946 653 976 706 et
999 647 1120 723 sagittas

106 743 136 794 et
156 733 246 819 sudes
265 742 296 794 et
315 736 340 794 si
360 753 417 814 qua
436 737 555 814 corpori
573 734 765 813 inhaeserint,
788 734 924 794 similiter
944 734 1119 812 adpositum.

105 822 150 882 ad
173 822 238 883 loca
261 840 331 882 vero
356 822 501 903 pudenda,
524 823 554 883 id
578 823 682 883 estad
706 841 812 901 penem
837 825 898 882 sire
918 823 953 882 ad
973 823 1119 904 podicem,

106 929 175 971 cum
204 910 323 990 aliquod
351 910 411 971 illic
439 911 546 972 vulnus
575 912 678 990 fuerit,
709 911 839 972 solutum
871 912 1118 972 medicamentum

105 1017 175 1059 cera
194 1007 224 1060 et
243 999 307 1060 oleo
327 1001 454 1103 myrtino
474 999 647 1079 adponetur.
679 999 710 1059 Si
727 1018 796 1060 vero
811 999 1006 1061 muliebribus
1021 1002 1119 1060 causis

67 1089 199 1148 roitrerit
226 1090 442 1169 necessarium,
469 1088 497 1148 id
527 1097 572 1149 est
601 1091 626 1148 si
654 1088 737 1148 vulva
764 1089 895 1149 dolorem
920 1077 965 1148 rel
989 1090 1119 1149 carcino-

106 1184 185 1236 mata
208 1179 403 1255 contraxerit,
431 1183 559 1256 ponetur
582 1195 649 1237 cum
674 1176 738 1237 oleo
763 1180 908 1258 susinato,
936 1179 976 1237 ita
1003 1185 1036 1238 ut
1060 1179 1119 1237 em·

104 1264 252 1344 plastrum
276 1273 380 1325 contra
403 1264 485 1325 illum
509 1265 616 1347 locum,
640 1267 691 1344 qui
710 1269 739 1325 in
756 1284 848 1348 ¹causa
867 1225 921 1344 es't,
945 1267 1118 1344 adponatur.

105 1353 151 1413 to
170 1352 369 1414 carbunculos
388 1372 458 1414 sane
478 1362 508 1414 et
527 1354 682 1415 anthracas
706 1362 736 1414 et
760 1355 896 1414 escharas
909 1353 1031 1433 ,aliaque
1052 1372 1118 1414 reu·
1137 1362 1170 1410 ιι

105 1443 276 1501 matizantia
299 1440 344 1501 rel
368 1442 402 1502 ad
428 1450 556 1502 strumas
578 1451 607 1503 et
631 1451 810 1521 apostemata
834 1441 1016 1501 medicamen
1041 1441 1118 1502 solu-

63 1547 90 1589 ιι
104 1540 170 1590 tum
198 1528 413 1608 aliquantulum
442 1529 528 1590 melle
556 1529 678 1591 debebis
710 1529 867 1609 adponere.
915 1528 988 1589 Cum
1021 1538 1118 1589 autem

105 1626 249 1697 purgatae
278 1617 389 1679 luerint
416 1618 539 1698 pusulae
559 1619 605 1678 vel
629 1618 819 1679 collectiones
843 1625 873 1677 et
896 1617 1031 1697 vulnera,
1056 1625 1118 1677 tum

105 1708 170 1767 sine
201 1704 286 1766 melle
320 1705 512 1785 emplastrum
543 1726 609 1768 cum
644 1725 719 1786 puro
749 1706 945 1767 medicamine
978 1706 1117 1784 adpones.

105 1793 191 1854 Facit
219 1801 249 1854 et
276 1794 311 1854 ad
341 1794 515 1856 lurunculos
538 1794 674 1856 similiter
698 1799 810 1856 siccum
834 1794 1000 1872 adpositum
1030 1795 1117 1854 etad

106 1900 225 1943 omnem
244 1882 381 1963 pusulam
401 1891 430 1944 et
448 1883 593 1944 maculam
614 1884 786 1965 curandam,
812 1885 923 1961 rumpit
944 1885 1023 1942 enim
1043 1901 1118 1961 quae

64 1990 92 2030 ao
107 1976 248 2031 concreta
272 1979 342 2031 sunt
365 1979 395 2031 et
418 1979 525 2050 purgat
548 1980 578 2031 et
603 1974 763 2034 cicatricat.
801 1971 874 2032 Cum
894 1979 991 2032 autem
1011 1971 1118 2032 vulnus

105 2065 166 2139 est,
195 2058 232 2122 de
261 2077 319 2138 quo
347 2060 514 2120 inmodicus
547 2061 667 2138 sanguis
695 2062 839 2141 erumpit,
868 2060 1034 2138 adpositum
1062 2061 1118 2121 hoc

105 2147 355 2208 medicamentum
382 2148 451 2208 ilico
480 2156 510 2208 et
537 2151 710 2228 sanguinem
738 2151 817 2209 sistit
844 2157 874 2210 et
903 2148 1010 2209 vulnus
1034 2157 1119 2210 curat

105 2244 135 2296 et
160 2244 259 2296 cutem
279 2238 457 2315 constringit
476 2246 505 2298 et
524 2238 693 2298 cicatricem
714 2246 833 2298 tenuem
853 2237 931 2298 lacit.
965 2237 1118 2298 Resolutio
1137 2244 1171 2292 ιι

105 2331 207 2385 autem
239 2323 285 2384 vel
318 2327 482 2405 conpositio
512 2326 679 2404 adponendi
711 2325 883 2386 vul-neribus
916 2327 1119 2386 medicaminis

65 2431 92 2473 ιι
106 2412 176 2473 talis
201 2420 255 2473 cst.
278 2412 378 2474 Mittes
401 2413 490 2474 huius
514 2415 716 2475 medicaminis
743 2448 779 2456 —
797 2413 837 2474 lll
856 2424 886 2475 et
904 2416 1014 2475 adicies
1034 2433 1118 2475 cerae

105 2535 147 2544 —
168 2500 190 2582 l,
210 2500 266 2561 olei
285 2503 452 2562 veteris-
467 2501 517 2583 Vl;
540 2502 588 2563 his
607 2522 686 2585 vero,
705 2505 756 2582 qui
775 2502 884 2564 hahent
903 2505 1003 2563 autin
1022 2505 1118 2581 capite

105 2597 157 2651 aut
180 2592 211 2650 in
235 2590 358 2650 auribus
381 2599 432 2651 aut
455 2592 485 2649 in
505 2591 627 2652 naribus
646 2610 748 2653 causas
768 2599 798 2651 et
818 2591 946 2670 vulnera,
971 2592 1118 2670 adponen-

104 2678 176 2739 dum
205 2680 248 2739 sic
276 2677 407 2739 resolves
435 2679 618 2740 medicamen
648 2683 712 2740 sine
740 2698 821 2761 cera,
849 2679 946 2740 oleum
971 2697 1040 2739 sane
1065 2698 1118 2756 pro

104 2774 251 2847 tempore,
273 2767 304 2827 id
327 2775 373 2827 est
396 2768 422 2827 si
445 2776 541 2828 aestas
563 2768 662 2849 luerit,
685 2770 784 2829 minus
804 2769 926 2828 adicies:
951 2769 976 2826 si
994 2766 1118 2845 hiemps,

65 2855 233 2934 coamplius
262 2855 409 2917 infundes.
455 2855 539 2915 Facit
567 2866 596 2916 et
623 2858 659 2917 ad
687 2876 806 2917 morsus
833 2855 961 2915 hominis
985 2860 1015 2912 et
1038 2855 1119 2913 canis

104 2943 210 3004 rabidi.
256 2943 420 3005 Nervorum
450 2962 568 3023 quoque
598 2946 758 3005 incisiones
782 2943 828 3004 rel
851 2941 1018 3002 collisiones
1042 2941 1119 3003 salu-

105 3032 200 3093 briter
224 3039 323 3113 curat3
352 3032 461 3112 quibus
488 3050 556 3092 cum
580 3033 757 3093 medendum
781 3032 884 3110 luerit,
908 3030 998 3091 addes
1022 3031 1119 3093 oleum

105 3139 262 3182 rosaceum
290 3139 357 3181 cum
386 3121 503 3181 modico
532 3130 614 3182 aceto
644 3120 726 3180 lanae
750 3120 869 3180 sucidae
892 3120 999 3181 inluso.
1046 3120 1118 3181 Cum

105 3216 204 3270 autem
239 3209 413 3288 adposueris
446 3210 492 3285 his
526 3211 624 3270 causis
660 3209 717 3269 hoc
750 3209 1014 3289 medicamentum,
1052 3217 1120 3286 post

176 3349 193 3399 ιι
221 3343 414 3427 aemoptoiois.
522 3350 539 3398 4
567 3344 752 3400 threumetez'
753 3343 931 3399 threumata
959 3343 1117 3397 Carnarius.

105 3413 300 3470 bercthrisim.
349 3421 381 3469 13
391 3415 520 3471 escharas
543 3415 701 3472 scharades.
750 3421 782 3471 19
797 3416 913 3498 malam.
956 3414 1130 3480 tentasses,

104 3491 139 3540 ιι)
157 3485 299 3541 infundas.
372 3490 403 3539 ιι
426 3486 469 3541 rel
489 3503 521 3543 co
533 3485 650 3546 liciones
669 3507 720 3548 om.
