2422 3878
527 109 766 173 -188—

142 279 230 348 atque
254 269 322 329 ideo
342 287 402 329 non
421 270 500 329 idem
519 269 657 330 omnibus
675 276 837 350 praestant,
856 287 923 330 cum
943 271 1065 330 interim
1085 271 1160 333 haec

143 358 267 418 mirifica
295 365 496 435 temperatura
523 360 686 437 composita
714 358 857 418 mirificos
886 358 1009 418 effectus
1041 358 1159 421 habeat.

107 463 123 512 2
232 445 315 507 Facit
333 463 403 506 vero
422 445 479 507 hoc
498 445 746 507 medicamentum
764 464 824 506 non
844 445 941 506 solum
955 446 991 506 ad
1011 447 1160 509 stomachi

143 543 173 595 et
201 534 302 595 lateris
330 534 477 612 dolorem,
504 534 556 594 sed
584 537 673 596 etiam
702 535 737 594 ad
761 533 846 614 plura
876 537 946 594 vitia
980 535 1160 618 efficaciter3

144 622 337 702 quamobrem
360 640 478 702 semper
495 621 665 684 habendum
679 631 726 684 est
740 624 946 703 compositum.
978 621 1181 686 Percurramt

36 753 39 756 -
144 721 243 773 autem
263 730 351 790 quiam
366 711 550 794 brevissime,
568 711 605 773 ad
620 730 695 791 quae
711 713 780 772 vitia
795 711 922 790 qualiter
937 710 1039 772 datum
1054 715 1160 796 prosit,

143 809 178 860 ut
201 809 231 860 et
253 801 284 859 in
307 799 407 860 libello
431 803 496 860 eius
519 802 664 879 scriptum
689 808 735 861 est
758 807 788 861 et
811 818 865 879 ego
890 819 926 861 ex
947 818 1055 879 magna
1074 809 1160 881 parte

144 895 285 966 expertus
309 905 385 951 sum.

109 995 124 1042 3
234 975 324 1036 Sanat
347 994 417 1055 ergo
442 976 545 1037 morbo
569 977 710 1038 comitiali
733 986 897 1058 correptos,
922 995 997 1056 quos
1021 977 1160 1057 epilepti-

145 1082 195 1124 cos
220 1063 325 1126 Graeci
347 1074 465 1146 vocant,
489 1072 519 1126 et
543 1065 685 1147 furiosos,
713 1084 788 1144 quos
811 1083 1021 1126 maenomenos
1044 1066 1161 1128 dicunt.
1172 1079 1192 1118 1⁰

144 1151 219 1212 Item
247 1161 331 1214 sanat
358 1153 467 1232 quibus
495 1152 594 1214 subito
623 1153 765 1214 tenebrae
788 1153 984 1215 obversantur
1007 1155 1039 1214 in
1064 1155 1161 1216 oculis

145 1258 213 1301 cum
237 1244 381 1321 vertigine
406 1241 541 1324 quadam,
564 1244 773 1304 scotomaticos
792 1243 846 1304 hos
870 1242 975 1303 Graeci
1000 1242 1162 1325 appellant,

55 1334 59 1339 ’
145 1347 200 1389 nec
227 1331 328 1390 minus
355 1329 470 1391 diutino
495 1333 643 1410 correptis
666 1333 772 1410 capitis
795 1329 910 1412 dolore,
937 1348 1026 1410 quem
1049 1332 1161 1411 cepha·

145 1416 238 1478 laeam
261 1418 423 1501 appellant,
450 1420 573 1500 prodest
600 1418 668 1480 data
695 1419 826 1480 denariis
853 1418 969 1480 duobus
997 1437 1035 1479 ex
1063 1439 1161 1500 aquae

145 1505 257 1567 mulsae
286 1508 399 1587 cyathis
427 1516 580 1587 quattuor,
609 1526 677 1569 cum
703 1510 822 1568 remissi
844 1507 968 1589 fuerint,
995 1515 1026 1568 et
1050 1511 1078 1568 si
1103 1511 1197 1570 ire-1⁵

146 1603 285 1675 quenter,
313 1594 422 1674 quibus
449 1598 618 1657 necessaria
646 1605 706 1677 est,
734 1599 948 1677 corripientur,
976 1604 1045 1675 post
1074 1597 1163 1659 binas

146 1694 282 1744 ternasve
305 1685 492 1745 accessiones
516 1684 610 1745 danda
634 1687 700 1746 erit.
733 1683 813 1746 liaeo
837 1685 985 1745 antidotos
1007 1684 1094 1746 hiera
1119 1687 1162 1747 di·

146 1775 239 1853 citur,
262 1771 318 1833 hoc
342 1773 420 1832 enim
445 1791 553 1834 nomen
576 1772 682 1834 tribuit
705 1774 733 1833 ei
755 1783 878 1853 propter
897 1773 970 1833 duas
989 1791 1106 1855 causas,
1129 1784 1163 1836 ut

147 1863 297 1941 existim03
320 1879 419 1942 unam,
443 1878 480 1921 ne
499 1879 608 1923 nomen
627 1864 692 1922 eius
710 1879 814 1922 verum
833 1860 958 1923 dicendo
977 1862 1162 1945 ostenderet,

147 1967 221 2028 quae
246 1957 326 2010 esset
339 1982 382 1992 —
398 1949 509 2011 dicitur
532 1953 610 2011 enim
630 1969 646 2011 a
665 1949 843 2031 quibusdam
861 1953 952 2031 picra,
971 1952 1040 2029 quia
1059 1969 1162 2022 amara
1175 1966 1200 2007 2⁰

147 2046 200 2118 est,
224 2056 240 2097 a
264 2037 442 2118 quibusdam
465 2037 513 2099 dia
537 2038 759 2120 colocynthidos
779 2071 820 2082 —-
840 2038 971 2119 alteram,
992 2039 1072 2117 quod
1091 2041 1161 2102 ideo

146 2125 273 2185 inditum
298 2135 352 2208 est,
376 2145 435 2206 quo
454 2129 548 2207 magis
567 2128 623 2189 sub
642 2135 724 2190 tanta
742 2129 841 2208 specie
861 2129 990 2188 nominis
1009 2145 1161 2189 commen·

147 2212 231 2273 daret
258 2214 516 2276 medicamentum.
562 2215 620 2277 Sed
649 2218 675 2276 si
701 2217 789 2295 longo
818 2233 854 2276 ex
881 2215 1036 2277 intervallo
1059 2235 1161 2279 acces·

147 2300 282 2361 sionibus
302 2305 539 2385 suprascriptis,
563 2303 672 2383 quibus
691 2303 870 2365 medendum
889 2312 943 2385 est,
963 2303 1160 2388 vexabuntur,

146 2392 177 2450 in
201 2391 376 2451 remissione
400 2409 503 2452 earum
531 2394 619 2474 etin
642 2394 698 2454 aiio
722 2400 810 2472 atque
834 2392 891 2453 alio
915 2392 1016 2454 dolore
1039 2396 1160 2473 saepius
1173 2408 1199 2450 2⁵

147 2477 276 2539 dandum
300 2481 357 2539 erit
379 2480 641 2563 medicamentum,
669 2484 710 2542 ita
738 2483 817 2542 enim
844 2490 895 2543 aut
918 2500 954 2542 ex
977 2489 1039 2543 toto
1063 2499 1160 2543 reme·

146 2566 277 2628 diabitur
300 2575 351 2629 aut
374 2578 456 2630 certe
479 2571 630 2631 minuetur
651 2573 780 2649 impetos
797 2570 939 2637 vitiorum
957 2577 987 2630 et
1006 2569 1162 2631 sedabitur

146 2656 359 2738 intervallaque
383 2660 494 2719 maiora
512 2660 647 2738 accipiet.
679 2659 749 2719 Dari
766 2666 866 2719 autem
885 2657 1034 2738 oportebit
1053 2676 1160 2720 secun·

147 2745 216 2806 duna
245 2748 453 2825 purgationem
479 2746 560 2828 bilis,
588 2765 656 2807 nam
684 2746 774 2807 fellita
803 2754 833 2807 et
856 2765 995 2827 spumosa
1018 2755 1049 2808 et
1071 2746 1160 2826 gluti·

147 2854 219 2896 nosa
247 2835 380 2897 deiciunt
407 2837 459 2915 qui
487 2837 670 2916 acceperint,
698 2853 766 2896 cum
789 2837 923 2913 ptisanae
947 2854 1082 2896 cremore
1106 2844 1159 2898 aut
1173 2851 1199 2890 ³⁰

147 2942 215 2984 cum
238 2923 340 2985 holere
364 2924 421 2985 levi
445 2943 480 2984 ex
504 2927 600 2986 urtica
623 2931 653 2984 et
675 2923 793 3002 lapatho
817 2932 848 2985 et
870 2924 963 2984 malva
986 2925 1072 2985 facto.

111 3024 127 3071 4
235 3011 319 3073 Facit
346 3013 422 3074 bene
449 3013 522 3073 haec
550 3015 726 3092 compositio
753 3020 784 3073 et
810 3013 847 3072 ad
875 3015 1037 3092 suspirium
1067 3014 1159 3074 etad

147 3102 228 3159 vocis
252 3098 448 3161 abscisionem
472 3110 501 3161 et
524 3101 560 3161 ad
584 3101 697 3162 subitas
716 3102 952 3180 praefocationes
971 3120 1007 3161 ex
1027 3101 1161 3180 qualibet

52 3225 54 3227 -
147 3204 235 3246 causa
255 3196 334 3247 ortas
352 3195 383 3249 et
401 3187 437 3248 ad
456 3206 516 3267 eos,
536 3190 588 3266 qui
607 3206 694 3267 saepe
713 3191 884 3251 existimant
902 3208 933 3250 se
953 3189 989 3250 ab
1008 3189 1159 3252 incubone

237 3395 270 3444 21
294 3377 471 3458 cerba'quod
494 3389 558 3444 ideo
580 3389 702 3444 inditum
721 3394 777 3461 est,
800 3411 871 3464 quae
888 3413 906 3450 o
983 3395 1161 3453 Scrcbonium

147 3464 254 3530 desunt,
272 3462 387 3518 delenda
404 3461 538 3517 videntur.
612 3467 645 3517 33
664 3461 864 3522 abscissionem
906 3467 1042 3523 eructuet.
