<?xml version="1.0" encoding="UTF-8"?>
<!DOCTYPE html PUBLIC "-//W3C//DTD XHTML 1.0 Transitional//EN"
    "http://www.w3.org/TR/xhtml1/DTD/xhtml1-transitional.dtd">
<html xmlns="http://www.w3.org/1999/xhtml" xml:lang="en" lang="en">
 <head>
  <title>
</title>
<meta http-equiv="Content-Type" content="text/html;charset=utf-8" />
  <meta name='ocr-system' content='tesseract 3.04.00' />
  <meta name='ocr-capabilities' content='ocr_page ocr_carea ocr_par ocr_line ocrx_word'/>
</head>
<body>
  <div class='ocr_page' id='page_1' title='image "./marcellidemedic00helmgoog/marcellidemedic00helmgoog_0307.png"; bbox 0 0 2422 3878; ppageno 0'>
   <div class='ocr_carea' id='block_1_1' title="bbox 509 142 749 208">
    <p class='ocr_par' dir='ltr' id='par_1_1' title="bbox 509 142 749 208">
     <span class='ocr_line' id='line_1_1' title="bbox 509 142 749 208; baseline -0.008 0"><span class='ocrx_word' id='word_1_1' title='bbox 509 142 749 208; x_wconf 80' lang='lat'>-294-</span> 
     </span>
    </p>
   </div>
   <div class='ocr_carea' id='block_1_2' title="bbox 11 305 1180 3304">
    <p class='ocr_par' dir='ltr' id='par_1_2' title="bbox 88 305 1146 652">
     <span class='ocr_line' id='line_1_2' title="bbox 88 305 1146 383; baseline 0.003 -18"><span class='ocrx_word' id='word_1_2' title='bbox 88 323 104 371; x_wconf 81' lang='lat' dir='ltr'><strong>c</strong></span> <span class='ocrx_word' id='word_1_3' title='bbox 213 305 257 366; x_wconf 79' lang='lat' dir='ltr'><strong>Ad</strong></span> <span class='ocrx_word' id='word_1_4' title='bbox 281 307 375 366; x_wconf 89' lang='lat' dir='ltr'><strong>tineas</strong></span> <span class='ocrx_word' id='word_1_5' title='bbox 399 305 547 366; x_wconf 88' lang='lat' dir='ltr'><strong>necandas</strong></span> <span class='ocrx_word' id='word_1_6' title='bbox 570 305 737 365; x_wconf 90' lang='lat' dir='ltr'><strong>remedium</strong></span> <span class='ocrx_word' id='word_1_7' title='bbox 760 311 932 383; x_wconf 88' lang='lat' dir='ltr'><strong>competens</strong></span> <span class='ocrx_word' id='word_1_8' title='bbox 956 306 1013 366; x_wconf 92' lang='lat' dir='ltr'><strong>sic:</strong></span> <span class='ocrx_word' id='word_1_9' title='bbox 1037 305 1146 368; x_wconf 86' lang='lat' dir='ltr'><strong>Filicis</strong></span> 
     </span>
     <span class='ocr_line' id='line_1_3' title="bbox 123 392 1145 475; baseline 0.001 -18"><span class='ocrx_word' id='word_1_10' title='bbox 123 396 232 457; x_wconf 84' lang='lat' dir='ltr'><strong>radicis</strong></span> <span class='ocrx_word' id='word_1_11' title='bbox 255 394 368 475; x_wconf 90' lang='lat' dir='ltr'><strong>aridae,</strong></span> <span class='ocrx_word' id='word_1_12' title='bbox 392 395 526 455; x_wconf 89' lang='lat' dir='ltr'><strong>nasturci</strong></span> <span class='ocrx_word' id='word_1_13' title='bbox 549 395 671 454; x_wconf 88' lang='lat' dir='ltr'><strong>seminis</strong></span> <span class='ocrx_word' id='word_1_14' title='bbox 693 392 719 453; x_wconf 69' lang='lat' dir='ltr'><strong>i</strong></span> <span class='ocrx_word' id='word_1_15' title='bbox 743 400 896 474; x_wconf 89' lang='lat' dir='ltr'><strong>septenos,</strong></span> <span class='ocrx_word' id='word_1_16' title='bbox 919 394 1074 456; x_wconf 83' lang='lat' dir='ltr'><strong>coriandri</strong></span> <span class='ocrx_word' id='word_1_17' title='bbox 1099 413 1145 458; x_wconf 87' lang='lat' dir='ltr'><strong>se·</strong></span> 
     </span>
     <span class='ocr_line' id='line_1_4' title="bbox 123 480 1145 564; baseline 0.001 -19"><span class='ocrx_word' id='word_1_18' title='bbox 123 485 212 545; x_wconf 92' lang='lat' dir='ltr'><strong>minis</strong></span> <span class='ocrx_word' id='word_1_19' title='bbox 240 483 266 543; x_wconf 82' lang='lat' dir='ltr'><strong>il</strong></span> <span class='ocrx_word' id='word_1_20' title='bbox 288 482 321 564; x_wconf 87' lang='lat' dir='ltr'><strong>V,</strong></span> <span class='ocrx_word' id='word_1_21' title='bbox 349 484 420 543; x_wconf 87' lang='lat' dir='ltr'><strong>nitri</strong></span> <span class='ocrx_word' id='word_1_22' title='bbox 448 481 527 542; x_wconf 70' lang='lat' dir='ltr'><strong>bil.</strong></span> <span class='ocrx_word' id='word_1_23' title='bbox 568 480 647 542; x_wconf 91' lang='lat' dir='ltr'><strong>Haec</strong></span> <span class='ocrx_word' id='word_1_24' title='bbox 676 484 773 543; x_wconf 91' lang='lat' dir='ltr'><strong>omnia</strong></span> <span class='ocrx_word' id='word_1_25' title='bbox 800 483 871 542; x_wconf 91' lang='lat' dir='ltr'><strong>trita</strong></span> <span class='ocrx_word' id='word_1_26' title='bbox 898 482 1007 542; x_wconf 91' lang='lat' dir='ltr'><strong>dantur</strong></span> <span class='ocrx_word' id='word_1_27' title='bbox 1037 485 1145 546; x_wconf 87' lang='lat' dir='ltr'><strong>ieiuno</strong></span> 
     </span>
     <span class='ocr_line' id='line_1_5' title="bbox 124 571 594 652; baseline -0.009 -18"><span class='ocrx_word' id='word_1_28' title='bbox 124 591 193 635; x_wconf 92' lang='lat' dir='ltr'><strong>cum</strong></span> <span class='ocrx_word' id='word_1_29' title='bbox 216 591 308 652; x_wconf 90' lang='lat' dir='ltr'><strong>aquae</strong></span> <span class='ocrx_word' id='word_1_30' title='bbox 332 571 444 632; x_wconf 91' lang='lat' dir='ltr'><strong>mulsae</strong></span> <span class='ocrx_word' id='word_1_31' title='bbox 468 571 594 631; x_wconf 89' lang='lat' dir='ltr'><strong>hemina.</strong></span> 
     </span>
    </p>

    <p class='ocr_par' dir='ltr' id='par_1_3' title="bbox 72 659 1168 740">
     <span class='ocr_line' id='line_1_6' title="bbox 72 659 1168 740; baseline -0.006 -14"><span class='ocrx_word' id='word_1_32' title='bbox 72 678 105 726; x_wconf 89' lang='lat'><strong>10</strong></span> <span class='ocrx_word' id='word_1_33' title='bbox 212 661 281 721; x_wconf 88' lang='lat' dir='ltr'><strong>Mali</strong></span> <span class='ocrx_word' id='word_1_34' title='bbox 304 660 417 726; x_wconf 67' lang='lat' dir='ltr'><strong>Punici⁴</strong></span> <span class='ocrx_word' id='word_1_35' title='bbox 432 677 522 720; x_wconf 89' lang='lat' dir='ltr'><strong>sucus</strong></span> <span class='ocrx_word' id='word_1_36' title='bbox 546 659 655 720; x_wconf 84' lang='lat' dir='ltr'><strong>radicis</strong></span> <span class='ocrx_word' id='word_1_37' title='bbox 678 659 724 719; x_wconf 90' lang='lat' dir='ltr'><strong>vel</strong></span> <span class='ocrx_word' id='word_1_38' title='bbox 748 659 886 720; x_wconf 90' lang='lat' dir='ltr'><strong>loliorum</strong></span> <span class='ocrx_word' id='word_1_39' title='bbox 907 659 1041 720; x_wconf 91' lang='lat' dir='ltr'><strong>eiusdem</strong></span> <span class='ocrx_word' id='word_1_40' title='bbox 1063 678 1168 740; x_wconf 80' lang='lat' dir='ltr'><strong>aquas</strong></span> 
     </span>
    </p>

    <p class='ocr_par' dir='ltr' id='par_1_4' title="bbox 72 747 1144 1005">
     <span class='ocr_line' id='line_1_7' title="bbox 72 747 1144 826; baseline -0.002 -13"><span class='ocrx_word' id='word_1_41' title='bbox 72 766 104 814; x_wconf 88' lang='lat'><strong>11</strong></span> <span class='ocrx_word' id='word_1_42' title='bbox 124 750 265 811; x_wconf 90' lang='lat' dir='ltr'><strong>decoctus</strong></span> <span class='ocrx_word' id='word_1_43' title='bbox 288 749 431 826; x_wconf 89' lang='lat' dir='ltr'><strong>potuique</strong></span> <span class='ocrx_word' id='word_1_44' title='bbox 456 765 524 807; x_wconf 92' lang='lat' dir='ltr'><strong>oum</strong></span> <span class='ocrx_word' id='word_1_45' title='bbox 548 747 607 808; x_wconf 90' lang='lat' dir='ltr'><strong>sale</strong></span> <span class='ocrx_word' id='word_1_46' title='bbox 631 747 717 808; x_wconf 90' lang='lat' dir='ltr'><strong>datus</strong></span> <span class='ocrx_word' id='word_1_47' title='bbox 741 750 836 809; x_wconf 90' lang='lat' dir='ltr'><strong>tineas</strong></span> <span class='ocrx_word' id='word_1_48' title='bbox 860 756 954 809; x_wconf 89' lang='lat' dir='ltr'><strong>necat.</strong></span> <span class='ocrx_word' id='word_1_49' title='bbox 991 747 1144 811; x_wconf 85' lang='lat' dir='ltr'><strong>Marrubii</strong></span> 
     </span>
     <span class='ocr_line' id='line_1_8' title="bbox 124 835 1144 916; baseline 0.001 -17"><span class='ocrx_word' id='word_1_50' title='bbox 124 848 154 899; x_wconf 90' lang='lat' dir='ltr'><strong>et</strong></span> <span class='ocrx_word' id='word_1_51' title='bbox 182 836 330 899; x_wconf 88' lang='lat' dir='ltr'><strong>absenthii</strong></span> <span class='ocrx_word' id='word_1_52' title='bbox 358 842 388 896; x_wconf 93' lang='lat' dir='ltr'><strong>et</strong></span> <span class='ocrx_word' id='word_1_53' title='bbox 415 835 587 914; x_wconf 91' lang='lat' dir='ltr'><strong>lupinorum</strong></span> <span class='ocrx_word' id='word_1_54' title='bbox 614 838 696 914; x_wconf 89' lang='lat' dir='ltr'><strong>paria</strong></span> <span class='ocrx_word' id='word_1_55' title='bbox 724 837 856 914; x_wconf 90' lang='lat' dir='ltr'><strong>pondera</strong></span> <span class='ocrx_word' id='word_1_56' title='bbox 883 839 915 897; x_wconf 91' lang='lat' dir='ltr'><strong>in</strong></span> <span class='ocrx_word' id='word_1_57' title='bbox 943 854 1019 916; x_wconf 89' lang='lat' dir='ltr'><strong>aqua</strong></span> <span class='ocrx_word' id='word_1_58' title='bbox 1044 839 1144 900; x_wconf 89' lang='lat' dir='ltr'><strong>mulsa</strong></span> 
     </span>
     <span class='ocr_line' id='line_1_9' title="bbox 124 923 1144 1005; baseline 0.002 -19"><span class='ocrx_word' id='word_1_59' title='bbox 124 935 207 987; x_wconf 91' lang='lat' dir='ltr'><strong>cocta</strong></span> <span class='ocrx_word' id='word_1_60' title='bbox 234 927 335 985; x_wconf 91' lang='lat' dir='ltr'><strong>ieiuno</strong></span> <span class='ocrx_word' id='word_1_61' title='bbox 362 923 409 984; x_wconf 92' lang='lat' dir='ltr'><strong>bis</strong></span> <span class='ocrx_word' id='word_1_62' title='bbox 438 931 488 985; x_wconf 88' lang='lat' dir='ltr'><strong>aut</strong></span> <span class='ocrx_word' id='word_1_63' title='bbox 517 931 563 985; x_wconf 90' lang='lat' dir='ltr'><strong>ter</strong></span> <span class='ocrx_word' id='word_1_64' title='bbox 590 927 676 1005; x_wconf 89' lang='lat' dir='ltr'><strong>potui</strong></span> <span class='ocrx_word' id='word_1_65' title='bbox 703 924 770 985; x_wconf 90' lang='lat' dir='ltr'><strong>data</strong></span> <span class='ocrx_word' id='word_1_66' title='bbox 799 925 956 986; x_wconf 85' lang='lat' dir='ltr'><strong>adversum</strong></span> <span class='ocrx_word' id='word_1_67' title='bbox 983 928 1084 987; x_wconf 90' lang='lat' dir='ltr'><strong>tincas</strong></span> <span class='ocrx_word' id='word_1_68' title='bbox 1114 936 1144 989; x_wconf 89' lang='lat' dir='ltr'><strong>et</strong></span> 
     </span>
    </p>

    <p class='ocr_par' dir='ltr' id='par_1_5' title="bbox 72 1011 1178 1252">
     <span class='ocr_line' id='line_1_10' title="bbox 72 1011 1144 1092; baseline 0 -14"><span class='ocrx_word' id='word_1_69' title='bbox 72 1031 104 1079; x_wconf 79' lang='lat'><strong>12</strong></span> <span class='ocrx_word' id='word_1_70' title='bbox 123 1012 285 1074; x_wconf 83' lang='lat' dir='ltr'><strong>lumbricos</strong></span> <span class='ocrx_word' id='word_1_71' title='bbox 312 1012 475 1092; x_wconf 90' lang='lat' dir='ltr'><strong>plurimum</strong></span> <span class='ocrx_word' id='word_1_72' title='bbox 501 1022 637 1091; x_wconf 81' lang='lat' dir='ltr'><strong>prosunt.</strong></span> <span class='ocrx_word' id='word_1_73' title='bbox 678 1011 785 1074; x_wconf 86' lang='lat' dir='ltr'><strong>Farina</strong></span> <span class='ocrx_word' id='word_1_74' title='bbox 814 1013 985 1092; x_wconf 92' lang='lat' dir='ltr'><strong>lupinorum</strong></span> <span class='ocrx_word' id='word_1_75' title='bbox 1016 1014 1144 1077; x_wconf 89' lang='lat' dir='ltr'><strong>decocta</strong></span> 
     </span>
     <span class='ocr_line' id='line_1_11' title="bbox 124 1101 1178 1181; baseline -0.001 -19"><span class='ocrx_word' id='word_1_76' title='bbox 124 1120 160 1162; x_wconf 87' lang='lat' dir='ltr'><strong>ex</strong></span> <span class='ocrx_word' id='word_1_77' title='bbox 188 1120 263 1181; x_wconf 88' lang='lat' dir='ltr'><strong>aqua</strong></span> <span class='ocrx_word' id='word_1_78' title='bbox 291 1110 322 1162; x_wconf 85' lang='lat' dir='ltr'><strong>et</strong></span> <span class='ocrx_word' id='word_1_79' title='bbox 349 1120 431 1162; x_wconf 92' lang='lat' dir='ltr'><strong>more</strong></span> <span class='ocrx_word' id='word_1_80' title='bbox 459 1101 676 1181; x_wconf 86' lang='lat' dir='ltr'><strong>cataplasmatis</strong></span> <span class='ocrx_word' id='word_1_81' title='bbox 700 1104 798 1162; x_wconf 84' lang='lat' dir='ltr'><strong>ventri</strong></span> <span class='ocrx_word' id='word_1_82' title='bbox 821 1104 949 1180; x_wconf 88' lang='lat' dir='ltr'><strong>inposita</strong></span> <span class='ocrx_word' id='word_1_83' title='bbox 972 1101 1142 1166; x_wconf 85' lang='lat' dir='ltr'><strong>lumbricos</strong></span> <span class='ocrx_word' id='word_1_84' title='bbox 1156 1122 1178 1162; x_wconf 86' lang='lat'><strong>10</strong></span> 
     </span>
     <span class='ocr_line' id='line_1_12' title="bbox 123 1191 404 1252; baseline -0.004 0"><span class='ocrx_word' id='word_1_85' title='bbox 123 1191 169 1252; x_wconf 85' lang='lat' dir='ltr'><strong>vel</strong></span> <span class='ocrx_word' id='word_1_86' title='bbox 191 1193 286 1252; x_wconf 84' lang='lat' dir='ltr'><strong>tineas</strong></span> <span class='ocrx_word' id='word_1_87' title='bbox 309 1198 404 1251; x_wconf 87' lang='lat' dir='ltr'><strong>necat.</strong></span> 
     </span>
    </p>

    <p class='ocr_par' dir='ltr' id='par_1_6' title="bbox 71 1276 1179 2685">
     <span class='ocr_line' id='line_1_13' title="bbox 71 1276 1141 1358; baseline 0.006 -20"><span class='ocrx_word' id='word_1_88' title='bbox 71 1296 104 1345; x_wconf 83' lang='lat'><strong>13</strong></span> <span class='ocrx_word' id='word_1_89' title='bbox 184 1276 256 1339; x_wconf 59' lang='lat' dir='ltr'><strong>‘Ad</strong></span> <span class='ocrx_word' id='word_1_90' title='bbox 283 1277 445 1340; x_wconf 87' lang='lat' dir='ltr'><strong>lumbricos</strong></span> <span class='ocrx_word' id='word_1_91' title='bbox 473 1287 503 1339; x_wconf 89' lang='lat' dir='ltr'><strong>et</strong></span> <span class='ocrx_word' id='word_1_92' title='bbox 530 1280 626 1339; x_wconf 89' lang='lat' dir='ltr'><strong>tineas</strong></span> <span class='ocrx_word' id='word_1_93' title='bbox 654 1278 802 1339; x_wconf 88' lang='lat' dir='ltr'><strong>eiciendas</strong></span> <span class='ocrx_word' id='word_1_94' title='bbox 833 1279 999 1339; x_wconf 90' lang='lat' dir='ltr'><strong>remedium</strong></span> <span class='ocrx_word' id='word_1_95' title='bbox 1030 1290 1141 1358; x_wconf 87' lang='lat' dir='ltr'><strong>potens</strong></span> 
     </span>
     <span class='ocr_line' id='line_1_14' title="bbox 123 1367 1141 1448; baseline 0.002 -19"><span class='ocrx_word' id='word_1_96' title='bbox 123 1370 180 1429; x_wconf 92' lang='lat' dir='ltr'><strong>sic:</strong></span> <span class='ocrx_word' id='word_1_97' title='bbox 217 1367 300 1448; x_wconf 85' lang='lat' dir='ltr'><strong>Ervi,</strong></span> <span class='ocrx_word' id='word_1_98' title='bbox 332 1367 459 1428; x_wconf 88' lang='lat' dir='ltr'><strong>filiculae</strong></span> <span class='ocrx_word' id='word_1_99' title='bbox 490 1367 607 1427; x_wconf 87' lang='lat' dir='ltr'><strong>radices</strong></span> <span class='ocrx_word' id='word_1_100' title='bbox 634 1375 774 1445; x_wconf 80' lang='lat' dir='ltr'><strong>purgatas</strong></span> <span class='ocrx_word' id='word_1_101' title='bbox 804 1367 841 1428; x_wconf 95' lang='lat' dir='ltr'><strong>ad</strong></span> <span class='ocrx_word' id='word_1_102' title='bbox 872 1369 975 1428; x_wconf 94' lang='lat' dir='ltr'><strong>uncias</strong></span> <span class='ocrx_word' id='word_1_103' title='bbox 1004 1369 1141 1448; x_wconf 83' lang='lat' dir='ltr'><strong>singulas</strong></span> 
     </span>
     <span class='ocr_line' id='line_1_15' title="bbox 123 1454 1141 1536; baseline 0.003 -19"><span class='ocrx_word' id='word_1_104' title='bbox 123 1475 258 1517; x_wconf 91' lang='lat' dir='ltr'><strong>seorsum</strong></span> <span class='ocrx_word' id='word_1_105' title='bbox 281 1456 390 1517; x_wconf 90' lang='lat' dir='ltr'><strong>tundes</strong></span> <span class='ocrx_word' id='word_1_106' title='bbox 413 1456 489 1516; x_wconf 91' lang='lat' dir='ltr'><strong>bene</strong></span> <span class='ocrx_word' id='word_1_107' title='bbox 513 1457 544 1515; x_wconf 95' lang='lat' dir='ltr'><strong>in</strong></span> <span class='ocrx_word' id='word_1_108' title='bbox 566 1455 626 1533; x_wconf 92' lang='lat' dir='ltr'><strong>pila</strong></span> <span class='ocrx_word' id='word_1_109' title='bbox 649 1454 755 1536; x_wconf 84' lang='lat' dir='ltr'><strong>lignea,</strong></span> <span class='ocrx_word' id='word_1_110' title='bbox 779 1455 886 1516; x_wconf 92' lang='lat' dir='ltr'><strong>deinde</strong></span> <span class='ocrx_word' id='word_1_111' title='bbox 907 1456 1018 1516; x_wconf 91' lang='lat' dir='ltr'><strong>adicies</strong></span> <span class='ocrx_word' id='word_1_112' title='bbox 1038 1458 1141 1520; x_wconf 90' lang='lat' dir='ltr'><strong>inulae</strong></span> 
     </span>
     <span class='ocr_line' id='line_1_16' title="bbox 123 1538 1177 1630; baseline 0.001 -25"><span class='ocrx_word' id='word_1_113' title='bbox 123 1545 233 1606; x_wconf 89' lang='lat' dir='ltr'><strong>radicis</strong></span> <span class='ocrx_word' id='word_1_114' title='bbox 262 1538 401 1630; x_wconf 49' lang='lat' dir='ltr'><strong>2Vlll,</strong></span> <span class='ocrx_word' id='word_1_115' title='bbox 429 1545 604 1604; x_wconf 87' lang='lat' dir='ltr'><strong>ammoniaci</strong></span> <span class='ocrx_word' id='word_1_116' title='bbox 631 1545 750 1604; x_wconf 89' lang='lat' dir='ltr'><strong>unciam</strong></span> <span class='ocrx_word' id='word_1_117' title='bbox 778 1552 808 1605; x_wconf 91' lang='lat' dir='ltr'><strong>et</strong></span> <span class='ocrx_word' id='word_1_118' title='bbox 835 1545 984 1605; x_wconf 87' lang='lat' dir='ltr'><strong>coriandri</strong></span> <span class='ocrx_word' id='word_1_119' title='bbox 1013 1549 1141 1609; x_wconf 90' lang='lat' dir='ltr'><strong>seminis</strong></span> <span class='ocrx_word' id='word_1_120' title='bbox 1154 1564 1177 1606; x_wconf 84' lang='lat'><strong>15</strong></span> 
     </span>
     <span class='ocr_line' id='line_1_17' title="bbox 122 1630 1141 1712; baseline 0.003 -18"><span class='ocrx_word' id='word_1_121' title='bbox 122 1652 243 1694; x_wconf 89' lang='lat' dir='ltr'><strong>manum</strong></span> <span class='ocrx_word' id='word_1_122' title='bbox 265 1633 382 1712; x_wconf 86' lang='lat' dir='ltr'><strong>plenam</strong></span> <span class='ocrx_word' id='word_1_123' title='bbox 406 1639 436 1692; x_wconf 89' lang='lat' dir='ltr'><strong>et</strong></span> <span class='ocrx_word' id='word_1_124' title='bbox 455 1631 571 1692; x_wconf 89' lang='lat' dir='ltr'><strong>eulorbi</strong></span> <span class='ocrx_word' id='word_1_125' title='bbox 590 1630 616 1691; x_wconf 69' lang='lat' dir='ltr'><strong>b</strong></span> <span class='ocrx_word' id='word_1_126' title='bbox 634 1631 682 1691; x_wconf 96' lang='lat' dir='ltr'><strong>lll.</strong></span> <span class='ocrx_word' id='word_1_127' title='bbox 719 1631 779 1692; x_wconf 89' lang='lat' dir='ltr'><strong>Has</strong></span> <span class='ocrx_word' id='word_1_128' title='bbox 798 1652 900 1694; x_wconf 91' lang='lat' dir='ltr'><strong>omnes</strong></span> <span class='ocrx_word' id='word_1_129' title='bbox 920 1635 1036 1712; x_wconf 92' lang='lat' dir='ltr'><strong>species</strong></span> <span class='ocrx_word' id='word_1_130' title='bbox 1056 1654 1141 1698; x_wconf 87' lang='lat' dir='ltr'><strong>seor·</strong></span> 
     </span>
     <span class='ocr_line' id='line_1_18' title="bbox 123 1720 1141 1799; baseline 0.004 -17"><span class='ocrx_word' id='word_1_131' title='bbox 123 1740 190 1783; x_wconf 91' lang='lat' dir='ltr'><strong>sum</strong></span> <span class='ocrx_word' id='word_1_132' title='bbox 214 1729 352 1782; x_wconf 89' lang='lat' dir='ltr'><strong>conteres</strong></span> <span class='ocrx_word' id='word_1_133' title='bbox 374 1721 451 1781; x_wconf 91' lang='lat' dir='ltr'><strong>bene</strong></span> <span class='ocrx_word' id='word_1_134' title='bbox 471 1737 566 1799; x_wconf 88' lang='lat' dir='ltr'><strong>nsque</strong></span> <span class='ocrx_word' id='word_1_135' title='bbox 585 1720 622 1780; x_wconf 91' lang='lat' dir='ltr'><strong>ad</strong></span> <span class='ocrx_word' id='word_1_136' title='bbox 641 1738 786 1780; x_wconf 88' lang='lat' dir='ltr'><strong>summam</strong></span> <span class='ocrx_word' id='word_1_137' title='bbox 805 1720 955 1783; x_wconf 88' lang='lat' dir='ltr'><strong>levitatem</strong></span> <span class='ocrx_word' id='word_1_138' title='bbox 973 1731 1003 1783; x_wconf 89' lang='lat' dir='ltr'><strong>et</strong></span> <span class='ocrx_word' id='word_1_139' title='bbox 1022 1725 1049 1783; x_wconf 91' lang='lat' dir='ltr'><strong>si</strong></span> <span class='ocrx_word' id='word_1_140' title='bbox 1068 1727 1141 1786; x_wconf 86' lang='lat' dir='ltr'><strong>riri·</strong></span> 
     </span>
     <span class='ocr_line' id='line_1_19' title="bbox 122 1808 1140 1892; baseline 0.004 -22"><span class='ocrx_word' id='word_1_141' title='bbox 122 1811 169 1870; x_wconf 89' lang='lat' dir='ltr'><strong>dis</strong></span> <span class='ocrx_word' id='word_1_142' title='bbox 193 1810 284 1870; x_wconf 90' lang='lat' dir='ltr'><strong>fuerit</strong></span> <span class='ocrx_word' id='word_1_143' title='bbox 306 1809 390 1870; x_wconf 88' lang='lat' dir='ltr'><strong>radix</strong></span> <span class='ocrx_word' id='word_1_144' title='bbox 408 1808 545 1889; x_wconf 86' lang='lat' dir='ltr'><strong>filiculae,</strong></span> <span class='ocrx_word' id='word_1_145' title='bbox 569 1808 686 1887; x_wconf 90' lang='lat' dir='ltr'><strong>quando</strong></span> <span class='ocrx_word' id='word_1_146' title='bbox 705 1808 785 1869; x_wconf 91' lang='lat' dir='ltr'><strong>illam</strong></span> <span class='ocrx_word' id='word_1_147' title='bbox 803 1809 921 1892; x_wconf 88' lang='lat' dir='ltr'><strong>tundes,</strong></span> <span class='ocrx_word' id='word_1_148' title='bbox 944 1828 1052 1871; x_wconf 91' lang='lat' dir='ltr'><strong>sucum</strong></span> <span class='ocrx_word' id='word_1_149' title='bbox 1071 1816 1140 1874; x_wconf 92' lang='lat' dir='ltr'><strong>eius</strong></span> 
     </span>
     <span class='ocr_line' id='line_1_20' title="bbox 123 1896 1139 1979; baseline 0.005 -21"><span class='ocrx_word' id='word_1_150' title='bbox 123 1901 271 1979; x_wconf 84' lang='lat' dir='ltr'><strong>exprimes</strong></span> <span class='ocrx_word' id='word_1_151' title='bbox 295 1906 324 1959; x_wconf 88' lang='lat' dir='ltr'><strong>et</strong></span> <span class='ocrx_word' id='word_1_152' title='bbox 346 1899 444 1977; x_wconf 89' lang='lat' dir='ltr'><strong>ipsum</strong></span> <span class='ocrx_word' id='word_1_153' title='bbox 465 1896 651 1958; x_wconf 90' lang='lat' dir='ltr'><strong>admiscebis.</strong></span> <span class='ocrx_word' id='word_1_154' title='bbox 684 1897 787 1958; x_wconf 87' lang='lat' dir='ltr'><strong>Facies</strong></span> <span class='ocrx_word' id='word_1_155' title='bbox 805 1897 912 1976; x_wconf 91' lang='lat' dir='ltr'><strong>pilulas</strong></span> <span class='ocrx_word' id='word_1_156' title='bbox 932 1901 1139 1978; x_wconf 81' lang='lat' dir='ltr'><strong>magnitudine</strong></span> 
     </span>
     <span class='ocr_line' id='line_1_21' title="bbox 123 1986 1178 2068; baseline 0.002 -22"><span class='ocrx_word' id='word_1_157' title='bbox 123 2005 166 2068; x_wconf 89' lang='lat' dir='ltr'><strong>ea,</strong></span> <span class='ocrx_word' id='word_1_158' title='bbox 190 2006 248 2066; x_wconf 87' lang='lat' dir='ltr'><strong>qua</strong></span> <span class='ocrx_word' id='word_1_159' title='bbox 270 2005 326 2047; x_wconf 88' lang='lat' dir='ltr'><strong>ano</strong></span> <span class='ocrx_word' id='word_1_160' title='bbox 349 1988 421 2047; x_wconf 91' lang='lat' dir='ltr'><strong>inici</strong></span> <span class='ocrx_word' id='word_1_161' title='bbox 443 1989 567 2067; x_wconf 85' lang='lat' dir='ltr'><strong>possint,</strong></span> <span class='ocrx_word' id='word_1_162' title='bbox 590 1988 729 2065; x_wconf 88' lang='lat' dir='ltr'><strong>ipsasque</strong></span> <span class='ocrx_word' id='word_1_163' title='bbox 748 1986 840 2047; x_wconf 88' lang='lat' dir='ltr'><strong>lactas</strong></span> <span class='ocrx_word' id='word_1_164' title='bbox 858 1988 999 2048; x_wconf 85' lang='lat' dir='ltr'><strong>infundes</strong></span> <span class='ocrx_word' id='word_1_165' title='bbox 1018 1990 1049 2048; x_wconf 92' lang='lat' dir='ltr'><strong>in</strong></span> <span class='ocrx_word' id='word_1_166' title='bbox 1071 2008 1139 2052; x_wconf 89' lang='lat' dir='ltr'><strong>cer·</strong></span> <span class='ocrx_word' id='word_1_167' title='bbox 1153 2008 1178 2048; x_wconf 77' lang='lat' dir='ltr'><strong>so</strong></span> 
     </span>
     <span class='ocr_line' id='line_1_22' title="bbox 121 2074 1141 2156; baseline 0.005 -23"><span class='ocrx_word' id='word_1_168' title='bbox 121 2077 219 2136; x_wconf 88' lang='lat' dir='ltr'><strong>vesiae</strong></span> <span class='ocrx_word' id='word_1_169' title='bbox 248 2094 339 2136; x_wconf 88' lang='lat' dir='ltr'><strong>novae</strong></span> <span class='ocrx_word' id='word_1_170' title='bbox 369 2077 504 2136; x_wconf 82' lang='lat' dir='ltr'><strong>sextariis</strong></span> <span class='ocrx_word' id='word_1_171' title='bbox 532 2074 649 2136; x_wconf 87' lang='lat' dir='ltr'><strong>duobus</strong></span> <span class='ocrx_word' id='word_1_172' title='bbox 678 2081 708 2135; x_wconf 88' lang='lat' dir='ltr'><strong>ct</strong></span> <span class='ocrx_word' id='word_1_173' title='bbox 735 2074 831 2136; x_wconf 88' lang='lat' dir='ltr'><strong>mellis</strong></span> <span class='ocrx_word' id='word_1_174' title='bbox 859 2075 977 2156; x_wconf 79' lang='lat' dir='ltr'><strong>cyatb03</strong></span> <span class='ocrx_word' id='word_1_175' title='bbox 1006 2078 1088 2155; x_wconf 91' lang='lat' dir='ltr'><strong>quod</strong></span> <span class='ocrx_word' id='word_1_176' title='bbox 1114 2081 1141 2140; x_wconf 93' lang='lat' dir='ltr'><strong>si</strong></span> 
     </span>
     <span class='ocr_line' id='line_1_23' title="bbox 122 2163 1144 2246; baseline 0.005 -24"><span class='ocrx_word' id='word_1_177' title='bbox 122 2165 154 2222; x_wconf 92' lang='lat' dir='ltr'><strong>in</strong></span> <span class='ocrx_word' id='word_1_178' title='bbox 182 2181 216 2222; x_wconf 92' lang='lat' dir='ltr'><strong>ea</strong></span> <span class='ocrx_word' id='word_1_179' title='bbox 243 2166 396 2241; x_wconf 86' lang='lat' dir='ltr'><strong>provincia</strong></span> <span class='ocrx_word' id='word_1_180' title='bbox 424 2163 591 2224; x_wconf 87' lang='lat' dir='ltr'><strong>laciendum</strong></span> <span class='ocrx_word' id='word_1_181' title='bbox 619 2163 709 2224; x_wconf 87' lang='lat' dir='ltr'><strong>luerit</strong></span> <span class='ocrx_word' id='word_1_182' title='bbox 734 2163 791 2225; x_wconf 93' lang='lat' dir='ltr'><strong>hoc</strong></span> <span class='ocrx_word' id='word_1_183' title='bbox 815 2164 1078 2246; x_wconf 81' lang='lat' dir='ltr'><strong>medicamentum,</strong></span> <span class='ocrx_word' id='word_1_184' title='bbox 1108 2170 1144 2233; x_wconf 93' lang='lat' dir='ltr'><strong>in</strong></span> 
     </span>
     <span class='ocr_line' id='line_1_24' title="bbox 124 2251 1140 2334; baseline 0.004 -23"><span class='ocrx_word' id='word_1_185' title='bbox 124 2269 182 2329; x_wconf 87' lang='lat' dir='ltr'><strong>qua</strong></span> <span class='ocrx_word' id='word_1_186' title='bbox 205 2253 330 2310; x_wconf 89' lang='lat' dir='ltr'><strong>cervisia</strong></span> <span class='ocrx_word' id='word_1_187' title='bbox 353 2269 413 2311; x_wconf 91' lang='lat' dir='ltr'><strong>non</strong></span> <span class='ocrx_word' id='word_1_188' title='bbox 437 2259 494 2331; x_wconf 91' lang='lat' dir='ltr'><strong>est,</strong></span> <span class='ocrx_word' id='word_1_189' title='bbox 520 2269 556 2311; x_wconf 91' lang='lat' dir='ltr'><strong>ex</strong></span> <span class='ocrx_word' id='word_1_190' title='bbox 580 2269 656 2330; x_wconf 85' lang='lat' dir='ltr'><strong>aqua</strong></span> <span class='ocrx_word' id='word_1_191' title='bbox 679 2251 772 2334; x_wconf 93' lang='lat' dir='ltr'><strong>dabis,</strong></span> <span class='ocrx_word' id='word_1_192' title='bbox 795 2254 826 2313; x_wconf 93' lang='lat' dir='ltr'><strong>in</strong></span> <span class='ocrx_word' id='word_1_193' title='bbox 852 2271 910 2331; x_wconf 88' lang='lat' dir='ltr'><strong>qua</strong></span> <span class='ocrx_word' id='word_1_194' title='bbox 931 2262 1027 2331; x_wconf 81' lang='lat' dir='ltr'><strong>myrta</strong></span> <span class='ocrx_word' id='word_1_195' title='bbox 1051 2263 1140 2316; x_wconf 88' lang='lat' dir='ltr'><strong>cocta</strong></span> 
     </span>
     <span class='ocr_line' id='line_1_25' title="bbox 123 2337 1139 2420; baseline 0.007 -23"><span class='ocrx_word' id='word_1_196' title='bbox 123 2339 162 2398; x_wconf 93' lang='lat' dir='ltr'><strong>sit</strong></span> <span class='ocrx_word' id='word_1_197' title='bbox 185 2337 220 2398; x_wconf 92' lang='lat' dir='ltr'><strong>ad</strong></span> <span class='ocrx_word' id='word_1_198' title='bbox 245 2341 389 2399; x_wconf 84' lang='lat' dir='ltr'><strong>sextarios</strong></span> <span class='ocrx_word' id='word_1_199' title='bbox 409 2339 492 2420; x_wconf 92' lang='lat' dir='ltr'><strong>duos,</strong></span> <span class='ocrx_word' id='word_1_200' title='bbox 515 2347 566 2399; x_wconf 89' lang='lat' dir='ltr'><strong>aut</strong></span> <span class='ocrx_word' id='word_1_201' title='bbox 585 2358 654 2400; x_wconf 93' lang='lat' dir='ltr'><strong>cum</strong></span> <span class='ocrx_word' id='word_1_202' title='bbox 673 2358 760 2418; x_wconf 89' lang='lat' dir='ltr'><strong>sapae</strong></span> <span class='ocrx_word' id='word_1_203' title='bbox 779 2343 887 2402; x_wconf 83' lang='lat' dir='ltr'><strong>mixtae</strong></span> <span class='ocrx_word' id='word_1_204' title='bbox 906 2343 1044 2402; x_wconf 89' lang='lat' dir='ltr'><strong>sextariis</strong></span> <span class='ocrx_word' id='word_1_205' title='bbox 1064 2342 1139 2404; x_wconf 92' lang='lat' dir='ltr'><strong>duo·</strong></span> 
     </span>
     <span class='ocr_line' id='line_1_26' title="bbox 122 2425 1179 2514; baseline 0.003 -28"><span class='ocrx_word' id='word_1_206' title='bbox 122 2425 180 2486; x_wconf 90' lang='lat' dir='ltr'><strong>bus</strong></span> <span class='ocrx_word' id='word_1_207' title='bbox 203 2435 291 2505; x_wconf 88' lang='lat' dir='ltr'><strong>atque</strong></span> <span class='ocrx_word' id='word_1_208' title='bbox 316 2445 351 2486; x_wconf 92' lang='lat' dir='ltr'><strong>ex</strong></span> <span class='ocrx_word' id='word_1_209' title='bbox 376 2445 411 2487; x_wconf 91' lang='lat' dir='ltr'><strong>eo</strong></span> <span class='ocrx_word' id='word_1_210' title='bbox 434 2427 615 2506; x_wconf 89' lang='lat' dir='ltr'><strong>temperabis</strong></span> <span class='ocrx_word' id='word_1_211' title='bbox 637 2430 789 2506; x_wconf 88' lang='lat' dir='ltr'><strong>potionem</strong></span> <span class='ocrx_word' id='word_1_212' title='bbox 812 2438 841 2491; x_wconf 89' lang='lat' dir='ltr'><strong>et</strong></span> <span class='ocrx_word' id='word_1_213' title='bbox 860 2429 944 2491; x_wconf 89' lang='lat' dir='ltr'><strong>dabis</strong></span> <span class='ocrx_word' id='word_1_214' title='bbox 962 2426 1140 2514; x_wconf 78' lang='lat' dir='ltr'><strong>bibendam,</strong></span> <span class='ocrx_word' id='word_1_215' title='bbox 1154 2449 1179 2489; x_wconf 76' lang='lat' dir='ltr'><strong>rs</strong></span> 
     </span>
     <span class='ocr_line' id='line_1_27' title="bbox 122 2515 1141 2600; baseline 0.008 -26"><span class='ocrx_word' id='word_1_216' title='bbox 122 2517 201 2575; x_wconf 84' lang='lat' dir='ltr'><strong>intra</strong></span> <span class='ocrx_word' id='word_1_217' title='bbox 224 2515 312 2575; x_wconf 90' lang='lat' dir='ltr'><strong>boras</strong></span> <span class='ocrx_word' id='word_1_218' title='bbox 336 2515 388 2576; x_wconf 93' lang='lat' dir='ltr'><strong>llll</strong></span> <span class='ocrx_word' id='word_1_219' title='bbox 412 2515 518 2577; x_wconf 84' lang='lat' dir='ltr'><strong>deiciat</strong></span> <span class='ocrx_word' id='word_1_220' title='bbox 538 2524 655 2595; x_wconf 89' lang='lat' dir='ltr'><strong>oportet</strong></span> <span class='ocrx_word' id='word_1_221' title='bbox 673 2517 852 2579; x_wconf 86' lang='lat' dir='ltr'><strong>vermiculos</strong></span> <span class='ocrx_word' id='word_1_222' title='bbox 870 2518 917 2578; x_wconf 88' lang='lat' dir='ltr'><strong>vel</strong></span> <span class='ocrx_word' id='word_1_223' title='bbox 935 2520 1044 2600; x_wconf 76' lang='lat' dir='ltr'><strong>tineas,</strong></span> <span class='ocrx_word' id='word_1_224' title='bbox 1068 2528 1141 2582; x_wconf 86' lang='lat' dir='ltr'><strong>ante</strong></span> 
     </span>
     <span class='ocr_line' id='line_1_28' title="bbox 122 2604 1142 2685; baseline 0.008 -22"><span class='ocrx_word' id='word_1_225' title='bbox 122 2604 255 2666; x_wconf 89' lang='lat' dir='ltr'><strong>triduum</strong></span> <span class='ocrx_word' id='word_1_226' title='bbox 285 2623 355 2666; x_wconf 90' lang='lat' dir='ltr'><strong>sane</strong></span> <span class='ocrx_word' id='word_1_227' title='bbox 382 2604 500 2667; x_wconf 89' lang='lat' dir='ltr'><strong>iubebis</strong></span> <span class='ocrx_word' id='word_1_228' title='bbox 527 2624 596 2666; x_wconf 90' lang='lat' dir='ltr'><strong>eum</strong></span> <span class='ocrx_word' id='word_1_229' title='bbox 624 2605 717 2667; x_wconf 87' lang='lat' dir='ltr'><strong>cibari</strong></span> <span class='ocrx_word' id='word_1_230' title='bbox 740 2606 796 2667; x_wconf 91' lang='lat' dir='ltr'><strong>alio</strong></span> <span class='ocrx_word' id='word_1_231' title='bbox 821 2615 851 2668; x_wconf 89' lang='lat' dir='ltr'><strong>et</strong></span> <span class='ocrx_word' id='word_1_232' title='bbox 873 2624 948 2685; x_wconf 92' lang='lat' dir='ltr'><strong>pane</strong></span> <span class='ocrx_word' id='word_1_233' title='bbox 971 2625 1026 2685; x_wconf 93' lang='lat' dir='ltr'><strong>per</strong></span> <span class='ocrx_word' id='word_1_234' title='bbox 1050 2626 1083 2668; x_wconf 89' lang='lat' dir='ltr'><strong>se</strong></span> <span class='ocrx_word' id='word_1_235' title='bbox 1109 2618 1142 2671; x_wconf 89' lang='lat' dir='ltr'><strong>et</strong></span> 
     </span>
    </p>

    <p class='ocr_par' dir='ltr' id='par_1_7' title="bbox 11 2694 605 2778">
     <span class='ocr_line' id='line_1_29' title="bbox 11 2694 605 2778; baseline 0.003 -25"><span class='ocrx_word' id='word_1_236' title='bbox 11 2770 16 2778; x_wconf 26' lang='grc'><strong><em>1</em></strong></span> <span class='ocrx_word' id='word_1_237' title='bbox 123 2694 327 2755; x_wconf 88' lang='lat' dir='ltr'><strong>tantummodo</strong></span> <span class='ocrx_word' id='word_1_238' title='bbox 350 2712 470 2774; x_wconf 90' lang='lat' dir='ltr'><strong>poscam</strong></span> <span class='ocrx_word' id='word_1_239' title='bbox 493 2694 605 2755; x_wconf 90' lang='lat' dir='ltr'><strong>bibere.</strong></span> 
     </span>
    </p>

    <p class='ocr_par' dir='ltr' id='par_1_8' title="bbox 70 2783 1180 3304">
     <span class='ocr_line' id='line_1_30' title="bbox 70 2783 1141 2865; baseline 0.003 -22"><span class='ocrx_word' id='word_1_240' title='bbox 70 2783 104 2831; x_wconf 84' lang='lat'><strong>14</strong></span> <span class='ocrx_word' id='word_1_241' title='bbox 213 2783 417 2844; x_wconf 89' lang='lat' dir='ltr'><strong>inflationibus</strong></span> <span class='ocrx_word' id='word_1_242' title='bbox 444 2784 654 2843; x_wconf 90' lang='lat' dir='ltr'><strong>intestinorum</strong></span> <span class='ocrx_word' id='word_1_243' title='bbox 682 2783 806 2860; x_wconf 89' lang='lat' dir='ltr'><strong>prodest</strong></span> <span class='ocrx_word' id='word_1_244' title='bbox 829 2783 875 2844; x_wconf 84' lang='lat' dir='ltr'><strong>vel</strong></span> <span class='ocrx_word' id='word_1_245' title='bbox 899 2783 1062 2863; x_wconf 89' lang='lat' dir='ltr'><strong>serpullum</strong></span> <span class='ocrx_word' id='word_1_246' title='bbox 1084 2805 1141 2865; x_wconf 92' lang='lat' dir='ltr'><strong>po·</strong></span> 
     </span>
     <span class='ocr_line' id='line_1_31' title="bbox 123 2870 1180 2949; baseline 0 -17"><span class='ocrx_word' id='word_1_247' title='bbox 123 2880 188 2932; x_wconf 92' lang='lat' dir='ltr'><strong>tum</strong></span> <span class='ocrx_word' id='word_1_248' title='bbox 212 2891 248 2932; x_wconf 88' lang='lat' dir='ltr'><strong>ex</strong></span> <span class='ocrx_word' id='word_1_249' title='bbox 271 2874 338 2933; x_wconf 91' lang='lat' dir='ltr'><strong>vino</strong></span> <span class='ocrx_word' id='word_1_250' title='bbox 362 2874 447 2949; x_wconf 84' lang='lat' dir='ltr'><strong>nigro</strong></span> <span class='ocrx_word' id='word_1_251' title='bbox 466 2870 513 2932; x_wconf 82' lang='lat' dir='ltr'><strong>vel</strong></span> <span class='ocrx_word' id='word_1_252' title='bbox 531 2873 685 2932; x_wconf 90' lang='lat' dir='ltr'><strong>cuminum</strong></span> <span class='ocrx_word' id='word_1_253' title='bbox 703 2871 870 2933; x_wconf 84' lang='lat' dir='ltr'><strong>silvaticum</strong></span> <span class='ocrx_word' id='word_1_254' title='bbox 887 2875 993 2934; x_wconf 88' lang='lat' dir='ltr'><strong>tritum</strong></span> <span class='ocrx_word' id='word_1_255' title='bbox 1011 2891 1047 2933; x_wconf 90' lang='lat' dir='ltr'><strong>ex</strong></span> <span class='ocrx_word' id='word_1_256' title='bbox 1066 2876 1180 2937; x_wconf 82' lang='lat' dir='ltr'><strong>vinoso</strong></span> 
     </span>
     <span class='ocr_line' id='line_1_32' title="bbox 122 2960 1140 3046; baseline 0.006 -27"><span class='ocrx_word' id='word_1_257' title='bbox 122 2962 208 3038; x_wconf 83' lang='lat' dir='ltr'><strong>nigro</strong></span> <span class='ocrx_word' id='word_1_258' title='bbox 232 2960 278 3020; x_wconf 92' lang='lat' dir='ltr'><strong>vel</strong></span> <span class='ocrx_word' id='word_1_259' title='bbox 301 2979 377 3039; x_wconf 87' lang='lat' dir='ltr'><strong>aqua</strong></span> <span class='ocrx_word' id='word_1_260' title='bbox 401 2968 469 3040; x_wconf 93' lang='lat' dir='ltr'><strong>pota</strong></span> <span class='ocrx_word' id='word_1_261' title='bbox 492 2962 624 3041; x_wconf 80' lang='lat' dir='ltr'><strong>apiastri,</strong></span> <span class='ocrx_word' id='word_1_262' title='bbox 648 2960 728 3039; x_wconf 88' lang='lat' dir='ltr'><strong>quod</strong></span> <span class='ocrx_word' id='word_1_263' title='bbox 752 2960 858 3022; x_wconf 87' lang='lat' dir='ltr'><strong>Graeci</strong></span> <span class='ocrx_word' id='word_1_264' title='bbox 881 2963 997 3023; x_wconf 86' lang='lat' dir='ltr'><strong>erotion</strong></span> <span class='ocrx_word' id='word_1_265' title='bbox 1020 2973 1140 3046; x_wconf 84' lang='lat' dir='ltr'><strong>vocant,</strong></span> 
     </span>
     <span class='ocr_line' id='line_1_33' title="bbox 122 3048 1140 3128; baseline 0.005 -20"><span class='ocrx_word' id='word_1_266' title='bbox 122 3067 177 3126; x_wconf 90' lang='lat' dir='ltr'><strong>per</strong></span> <span class='ocrx_word' id='word_1_267' title='bbox 206 3067 237 3108; x_wconf 90' lang='lat' dir='ltr'><strong>se</strong></span> <span class='ocrx_word' id='word_1_268' title='bbox 263 3049 330 3109; x_wconf 91' lang='lat' dir='ltr'><strong>data</strong></span> <span class='ocrx_word' id='word_1_269' title='bbox 353 3048 399 3109; x_wconf 91' lang='lat' dir='ltr'><strong>vel</strong></span> <span class='ocrx_word' id='word_1_270' title='bbox 422 3068 514 3110; x_wconf 91' lang='lat' dir='ltr'><strong>sucus</strong></span> <span class='ocrx_word' id='word_1_271' title='bbox 537 3049 602 3109; x_wconf 88' lang='lat' dir='ltr'><strong>eius</strong></span> <span class='ocrx_word' id='word_1_272' title='bbox 625 3051 693 3110; x_wconf 86' lang='lat' dir='ltr'><strong>vino</strong></span> <span class='ocrx_word' id='word_1_273' title='bbox 716 3049 829 3110; x_wconf 87' lang='lat' dir='ltr'><strong>mixtus</strong></span> <span class='ocrx_word' id='word_1_274' title='bbox 851 3050 897 3110; x_wconf 86' lang='lat' dir='ltr'><strong>vel</strong></span> <span class='ocrx_word' id='word_1_275' title='bbox 920 3051 1036 3128; x_wconf 82' lang='lat' dir='ltr'><strong>origani</strong></span> <span class='ocrx_word' id='word_1_276' title='bbox 1058 3052 1140 3113; x_wconf 91' lang='lat' dir='ltr'><strong>radi·</strong></span> 
     </span>
     <span class='ocr_line' id='line_1_34' title="bbox 123 3137 1140 3202; baseline 0.006 -7"><span class='ocrx_word' id='word_1_277' title='bbox 123 3154 173 3195; x_wconf 92' lang='lat' dir='ltr'><strong>ces</strong></span> <span class='ocrx_word' id='word_1_278' title='bbox 203 3144 364 3197; x_wconf 88' lang='lat' dir='ltr'><strong>contunsae</strong></span> <span class='ocrx_word' id='word_1_279' title='bbox 397 3138 434 3198; x_wconf 90' lang='lat' dir='ltr'><strong>ad</strong></span> <span class='ocrx_word' id='word_1_280' title='bbox 461 3137 487 3197; x_wconf 81' lang='lat' dir='ltr'><strong>ll</strong></span> <span class='ocrx_word' id='word_1_281' title='bbox 515 3137 528 3197; x_wconf 97' lang='lat' dir='ltr'><strong>l</strong></span> <span class='ocrx_word' id='word_1_282' title='bbox 557 3155 593 3197; x_wconf 87' lang='lat' dir='ltr'><strong>ex</strong></span> <span class='ocrx_word' id='word_1_283' title='bbox 619 3139 688 3197; x_wconf 87' lang='lat' dir='ltr'><strong>vino</strong></span> <span class='ocrx_word' id='word_1_284' title='bbox 717 3138 801 3198; x_wconf 90' lang='lat' dir='ltr'><strong>datae</strong></span> <span class='ocrx_word' id='word_1_285' title='bbox 829 3137 876 3198; x_wconf 82' lang='lat' dir='ltr'><strong>vel</strong></span> <span class='ocrx_word' id='word_1_286' title='bbox 903 3147 970 3200; x_wconf 89' lang='lat' dir='ltr'><strong>ruta</strong></span> <span class='ocrx_word' id='word_1_287' title='bbox 998 3140 1070 3200; x_wconf 87' lang='lat' dir='ltr'><strong>trita</strong></span> <span class='ocrx_word' id='word_1_288' title='bbox 1100 3159 1140 3202; x_wconf 87' lang='lat' dir='ltr'><strong>ex</strong></span> 
     </span>
     <span class='ocr_line' id='line_1_35' title="bbox 124 3224 1138 3304; baseline 0.008 -23"><span class='ocrx_word' id='word_1_289' title='bbox 124 3241 217 3301; x_wconf 91' lang='lat' dir='ltr'><strong>aquae</strong></span> <span class='ocrx_word' id='word_1_290' title='bbox 246 3224 358 3302; x_wconf 83' lang='lat' dir='ltr'><strong>cyathis</strong></span> <span class='ocrx_word' id='word_1_291' title='bbox 385 3225 439 3285; x_wconf 96' lang='lat' dir='ltr'><strong>llll</strong></span> <span class='ocrx_word' id='word_1_292' title='bbox 466 3233 536 3304; x_wconf 90' lang='lat' dir='ltr'><strong>pota</strong></span> <span class='ocrx_word' id='word_1_293' title='bbox 564 3225 611 3285; x_wconf 87' lang='lat' dir='ltr'><strong>vel</strong></span> <span class='ocrx_word' id='word_1_294' title='bbox 638 3225 772 3286; x_wconf 91' lang='lat' dir='ltr'><strong>eiusdem</strong></span> <span class='ocrx_word' id='word_1_295' title='bbox 801 3226 923 3288; x_wconf 89' lang='lat' dir='ltr'><strong>decocta</strong></span> <span class='ocrx_word' id='word_1_296' title='bbox 950 3227 1034 3287; x_wconf 91' lang='lat' dir='ltr'><strong>radix</strong></span> <span class='ocrx_word' id='word_1_297' title='bbox 1067 3247 1138 3290; x_wconf 92' lang='lat' dir='ltr'><strong>cum</strong></span> 
     </span>
    </p>
   </div>
   <div class='ocr_carea' id='block_1_3' title="bbox 123 3358 1139 3566">
    <p class='ocr_par' dir='ltr' id='par_1_9' title="bbox 123 3358 1139 3566">
     <span class='ocr_line' id='line_1_36' title="bbox 213 3358 1138 3433; baseline 0.01 -24"><span class='ocrx_word' id='word_1_298' title='bbox 213 3362 229 3410; x_wconf 77' lang='lat'><strong>2</strong></span> <span class='ocrx_word' id='word_1_299' title='bbox 248 3358 406 3415; x_wconf 77' lang='lat' dir='ltr'><strong>nasciturci.</strong></span> <span class='ocrx_word' id='word_1_300' title='bbox 489 3366 504 3415; x_wconf 83' lang='lat'><strong>6</strong></span> <span class='ocrx_word' id='word_1_301' title='bbox 524 3361 607 3416; x_wconf 77' lang='lat' dir='ltr'><strong>datur</strong></span> <span class='ocrx_word' id='word_1_302' title='bbox 624 3363 728 3415; x_wconf 81' lang='lat' dir='ltr'><strong>leneas.</strong></span> <span class='ocrx_word' id='word_1_303' title='bbox 810 3361 954 3417; x_wconf 79' lang='lat' dir='ltr'><strong>mortuuii.</strong></span> <span class='ocrx_word' id='word_1_304' title='bbox 1037 3368 1053 3416; x_wconf 81' lang='lat'>9</span> <span class='ocrx_word' id='word_1_305' title='bbox 1072 3380 1138 3433; x_wconf 90' lang='lat' dir='ltr'><strong>pro-</strong></span> 
     </span>
     <span class='ocr_line' id='line_1_37' title="bbox 123 3427 1139 3508; baseline 0.009 -27"><span class='ocrx_word' id='word_1_306' title='bbox 123 3427 199 3498; x_wconf 83' lang='lat' dir='ltr'><strong>sunt]</strong></span> <span class='ocrx_word' id='word_1_307' title='bbox 219 3428 340 3497; x_wconf 85' lang='lat' dir='ltr'><strong>prodosl.</strong></span> <span class='ocrx_word' id='word_1_308' title='bbox 420 3435 453 3484; x_wconf 80' lang='grc'><strong>13</strong></span> <span class='ocrx_word' id='word_1_309' title='bbox 472 3428 629 3485; x_wconf 85' lang='lat' dir='ltr'><strong>filiciculac.</strong></span> <span class='ocrx_word' id='word_1_310' title='bbox 709 3436 741 3485; x_wconf 82' lang='lat'><strong>15</strong></span> <span class='ocrx_word' id='word_1_311' title='bbox 761 3431 879 3487; x_wconf 83' lang='lat' dir='ltr'><strong>radices.</strong></span> <span class='ocrx_word' id='word_1_312' title='bbox 958 3437 991 3489; x_wconf 92' lang='lat'><strong>18</strong></span> <span class='ocrx_word' id='word_1_313' title='bbox 1010 3435 1139 3508; x_wconf 83' lang='lat' dir='ltr'><strong>quando]</strong></span> 
     </span>
     <span class='ocr_line' id='line_1_38' title="bbox 124 3499 1035 3566; baseline 0.008 -15"><span class='ocrx_word' id='word_1_314' title='bbox 124 3499 272 3566; x_wconf 89' lang='lat' dir='ltr'><strong>quomodo.</strong></span> <span class='ocrx_word' id='word_1_315' title='bbox 345 3504 380 3553; x_wconf 78' lang='lat'><strong>20</strong></span> <span class='ocrx_word' id='word_1_316' title='bbox 399 3501 541 3556; x_wconf 79' lang='lat' dir='ltr'><strong>cervariae</strong></span> <span class='ocrx_word' id='word_1_317' title='bbox 558 3517 640 3557; x_wconf 82' lang='lat' dir='ltr'><strong>nova.</strong></span> <span class='ocrx_word' id='word_1_318' title='bbox 714 3508 748 3556; x_wconf 79' lang='lat'><strong>23</strong></span> <span class='ocrx_word' id='word_1_319' title='bbox 768 3501 888 3559; x_wconf 83' lang='lat' dir='ltr'><strong>cervisia</strong></span> <span class='ocrx_word' id='word_1_320' title='bbox 905 3504 931 3558; x_wconf 81' lang='lat' dir='ltr'><strong>b.</strong></span> <span class='ocrx_word' id='word_1_321' title='bbox 951 3504 968 3559; x_wconf 84' lang='lat' dir='ltr'><strong>l.</strong></span> <span class='ocrx_word' id='word_1_322' title='bbox 986 3506 1035 3559; x_wconf 81' lang='lat' dir='ltr'><strong>sic.</strong></span> 
     </span>
    </p>
   </div>
   <div class='ocr_carea' id='block_1_4' title="bbox 0 0 1216 3878">
    <p class='ocr_par' dir='ltr' id='par_1_10' title="bbox 0 0 1216 3878">
     <span class='ocr_line' id='line_1_39' title="bbox 0 0 1216 3878; baseline 0 0"><span class='ocrx_word' id='word_1_323' title='bbox 0 0 1216 3878; x_wconf 95' lang='lat' dir='ltr'><strong> </strong></span> 
     </span>
    </p>
   </div>
  </div>
 </body>
</html>
