2422 3878
532 134 745 198 ..30-

134 305 234 359 coctos
253 299 395 375 inponere
418 297 491 358 utile
510 306 556 357 est
575 297 620 357 vel
639 296 746 357 bulbos
765 295 865 357 scillae
884 314 920 356 ex
939 314 1015 375 aqua
1036 304 1149 377 coctos,

133 389 174 447 ita
197 393 231 446 nt
254 386 392 446 aluminis
414 385 519 464 liquidi
542 385 716 446 tantundem
739 384 880 463 ponderis
899 385 1098 446 admisceatur
1118 394 1150 446 et

80 490 113 539 22
134 478 176 535 212
201 484 290 554 22221
312 473 462 535 inlinatur.
499 474 542 534 dd
562 493 604 556 ea,
626 492 701 552 qrrae
723 475 894 534 fervescunt
911 475 942 533 in
962 475 1059 551 capite
1078 492 1149 535 cum

133 563 259 645 rubore,
286 563 339 623 lini
367 581 467 623 semen
498 570 656 624 contusum
685 571 714 624 et
738 562 823 623 melle
847 579 1042 640 consparsum
1062 564 1147 641 inpo-

80 668 114 717 22
134 653 264 713 nendum
288 659 342 712 est.
381 652 424 711 Ad
449 654 554 732 capitis
577 651 695 712 dolores
718 654 748 711 in
769 651 858 711 lehri:
881 649 976 711 Rutae
996 650 1172 715 silvaticaec

134 743 255 802 seminis
284 741 329 800 vel
357 749 442 801 rutae
471 741 580 801 noditis
608 739 729 821 radicis,
761 758 797 800 ex
826 757 884 817 qua
906 739 980 800 rhus
1003 741 1148 819 nascitur,

132 848 262 911 murrae,
280 828 423 909 pyrethri,
442 830 616 910 aphronitri,
636 828 705 889 salis
722 829 906 908 ammoniaci,
924 829 1037 907 piperis
1057 827 1147 910 longi,

133 918 260 978 hederae
285 917 367 978 21222
391 917 529 978 loliorum
554 917 598 978 vel
622 917 775 997 bacarum,
798 915 913 996 hidelli,
936 915 1063 999 galhani,
1086 916 1145 977 bal·

134 1009 216 1088 sami,
234 1008 288 1066 iris
307 1006 449 1086 Illyricae,
469 1006 651 1084 singularum
670 1009 837 1085 specierum
857 1004 999 1086 Xdenos,
1018 1007 1146 1067 castorei

133 1095 159 1156 X
183 1094 250 1174 llll,
278 1094 375 1155 halani
399 1097 588 1173 unguentarii
612 1094 637 1153 X
656 1094 694 1175 ll,
722 1094 834 1156 thamni
858 1092 936 1154 XX.
983 1095 1068 1161 Trita
1086 1110 1145 1154 om·
1159 1119 1182 1159 ιο

133 1185 180 1244 nia
209 1186 240 1242 in
268 1202 361 1244 unum
389 1185 558 1244 coiciuntur
586 1201 654 1244 cum
682 1185 759 1244 aceti
786 1182 915 1243 scillitici
938 1191 1083 1261 quantum
1107 1184 1146 1243 sit

132 1271 206 1332 lihra
230 1290 297 1332 nna.
335 1271 393 1333 Sed
417 1273 458 1333 ita
477 1270 690 1351 temperabitur
709 1271 900 1353 medicamen,
924 1271 1019 1332 donec
1044 1273 1145 1351 spissi-

133 1361 267 1421 tudinem
290 1360 386 1422 mellis
406 1362 539 1442 recipiat,
562 1368 650 1439 atque
675 1362 714 1421 ita
738 1367 900 1438 reponetur
922 1361 952 1420 in
972 1378 1042 1420 2222
1062 1358 1146 1420 fictili

133 1459 163 1510 et
186 1468 253 1510 cum
278 1468 353 1529 opus
374 1452 474 1531 fuerit,
497 1450 566 1510 inde
586 1457 721 1510 sumetur
740 1456 881 1528 quantum
902 1450 974 1509 satis
992 1450 1040 1530 sit,
1065 1447 1145 1528 qnod

132 1541 163 1598 in
197 1537 315 1600 linteolo
348 1539 424 1600 hene
456 1548 560 1600 tenero
593 1540 689 1615 spisso
717 1537 872 1616 inlinatur,
905 1544 1181 1616 perunctnmqueu

80 1631 114 1681 24
133 1645 254 1688 2222222
279 1628 394 1689 modico
418 1632 587 1706 inponetur.
626 1625 657 1685 Si
681 1628 789 1686 vastior
813 1626 903 1686 luerit
926 1625 1011 1685 dolor
1030 1628 1145 1707 capitis,

133 1716 381 1777 medicamentum
405 1725 464 1777 tam
489 1718 619 1793 spissum
642 1714 693 1775 liat
715 1714 966 1795 infrascriptum,
990 1732 1081 1794 quam
1100 1723 1144 1774 est

133 1805 334 1884 emplastrum,
359 1812 389 1864 et
411 1803 532 1864 linteolo
556 1803 648 1863 denso
672 1805 844 1882 inponatur:
868 1804 944 1882 dgni
967 1805 1091 1863 seminis
1115 1809 1146 1863 et

132 1893 296 1971 peucedani
315 1893 423 1953 radicis
443 1890 545 1972 Xllll,
568 1891 653 1951 iridis
672 1891 751 1972 Xll;
774 1899 858 1952 aceto
876 1892 960 1970 prins
980 1899 1145 1952 maceratas

132 1980 185 2039 has
215 1983 330 2058 species
358 1998 506 2059 excoques
536 1979 580 2039 221
603 1980 769 2040 contundes
792 1989 822 2040 et
844 1997 913 2040 rosa
935 1978 1031 2040 dilues
1055 1988 1180 2058 atquem

78 2069 172 2128 22112
196 2086 262 2128 2222
287 2071 376 2146 222111
398 2071 532 2148 inpones.
570 2069 613 2129 Ad
634 2068 822 2129 vehementes
842 2068 1018 2128 feminarum
1038 2070 1144 2147 capitis

132 2156 250 2216 dolores
269 2162 299 2217 et
318 2157 534 2238 suffocationes,
554 2175 629 2236 2222
648 2157 684 2217 22
704 2157 789 2217 22122
804 2159 934 2237 2221221,
953 2157 1032 2235 quod
1049 2173 1144 2235 genus

131 2243 307 2305 valetudinis
322 2245 426 2306 Graeci
440 2246 609 2326 hystericen
622 2248 711 2326 pniga
725 2252 839 2327 vocant,
858 2255 888 2306 et
906 2245 942 2305 ad
957 2263 1016 2326 222,
1032 2248 1084 2325 qui
1098 2263 1144 2306 ca-

132 2333 201 2393 duci
220 2333 417 2416 appellantur,
436 2342 467 2395 et
485 2335 521 2395 ad
541 2335 702 2395 freneticos
722 2341 752 2394 et
772 2336 823 2412 qui
839 2336 1000 2413 vertigines
1019 2333 1143 2394 hahent:

133 2420 295 2502 Sphondyli
309 2421 335 2482 X
350 2441 410 2503 ser,
430 2425 557 2484 castorei
572 2422 597 2482 X
612 2421 656 2502 Vl,
670 2423 836 2503 peucedani
850 2421 875 2481 X
889 2423 924 2502 ll,
939 2441 1051 2483 nucum
1065 2440 1142 2483 ama·
1156 2442 1179 2484 cc

131 2528 232 2570 rarum
251 2511 277 2569 X
297 2511 340 2572 Vl.
382 2511 461 2573 Haec
486 2531 553 2573 cnm
577 2519 660 2572 aceto
685 2519 715 2572 21
739 2528 805 2571 2222
828 2510 904 2571 hene
927 2513 997 2572 trita
1021 2519 1052 2572 et
1075 2529 1143 2590 per·

79 2601 223 2658 22221212
239 2602 327 2678 capiti
342 2600 549 2661 infunduntur.
586 2600 630 2660 22
645 2600 776 2660 21211222
791 2602 896 2679 2221112
911 2599 1039 2681 2212222,
1054 2603 1144 2660 etiam

131 2694 313 2770 veternosos,
337 2707 412 2768 quos
431 2689 536 2749 Graeci
554 2688 732 2767 lethargicos
751 2697 864 2770 222221,
884 2696 914 2749 21
933 2689 1095 2749 freneticos
1115 2695 1145 2748 et

131 2777 166 2837 22
187 2779 283 2838 omnia
305 2780 382 2859 vitia,
401 2796 476 2857 2222
492 2780 571 2837 21222
586 2785 675 2856 22221
691 2785 880 2856 generantur,
900 2778 1039 2838 etiamad
1054 2777 1144 2856 poda·

131 2885 226 2945 gram:
259 2867 349 2928 Cerae
378 2867 403 2927 X
426 2864 600 2947 LXXXllll,
624 2866 681 2927 olei
709 2869 817 2927 veleris
841 2865 866 2924 X
889 2863 1052 2945 LXXXlll,
1081 2864 1180 2928 alu-eo

131 2957 220 3015 minis
247 2958 310 3017 fissi
332 2957 358 3017 X
381 2955 431 3038 Vl,
459 2957 581 3035 glutinis
605 2958 714 3016 taurini
739 2955 764 3014 X
784 2953 823 3037 X,
851 2954 1015 3032 peucedani
1035 2953 1060 3012 X
1080 2953 1144 3035 XX,

131 3045 226 3102 casiae
241 3043 267 3102 X
282 3043 317 3121 Χ,
338 3048 453 3106 resinae
473 3044 691 3106 terebinthinae
706 3043 731 3103 X
745 3042 808 3120 XX,
828 3045 902 3121 picis
922 3042 1051 3122 liquidae
1066 3041 1093 3102 X
1108 3041 1144 3126 X,

130 3129 247 3208 galbani
265 3130 291 3189 X
311 3129 399 3211 Xllll,
419 3133 498 3194 aloes
517 3132 629 3194 XXVl.
667 3133 830 3193 ‘laurinum
849 3131 951 3210 gluten
970 3148 1039 3191 cum
1058 3139 1145 3193 22212

131 3219 166 3278 22
186 3221 285 3297 ignem
304 3218 436 3299 solvitur,
458 3223 662 3299 peucedanum
682 3229 711 3281 et
730 3223 808 3281 casia
826 3223 894 3281 rino
911 3227 1058 3281 macerata
1074 3238 1144 3281 con-

203 3359 216 3406 1
238 3357 340 3409 coctus.
412 3361 427 3409 6
447 3354 526 3426 rhus]
546 3354 645 3409 chron·
706 3361 739 3410 10
758 3356 960 3425 unguentariae
980 3354 1144 3412 Carnarius.

131 3431 163 3478 19
178 3426 295 3478 radices.
332 3429 367 3478 20
381 3441 548 3494 exquoques.
587 3431 620 3481 23
634 3426 748 3496 pignnn.
786 3432 819 3480 28
834 3426 981 3481 veteranis.
1019 3431 1052 3481 31
1067 3427 1145 3496 glut-

144 3495 204 3549 'nis
278 3501 311 3550 32
332 3495 422 3551 casiae
443 3495 470 3551 X
488 3497 513 3550 X
531 3513 581 3552 om.
655 3504 689 3552 33
708 3496 835 3552 12221222
853 3496 962 3567 glottis.
