2422 3878
565 111 808 176 -310-

180 278 239 336 ciet
266 273 447 336 observabis.
488 273 527 335 lli
555 283 625 335 suut
653 275 841 335 characteres
869 272 1027 336 scribendi
1056 279 1095 338 in
1120 296 1203 340 aurea

179 364 299 425 lamina:

449 452 558 512 ΚΨ
598 453 710 513 ΜΘ
756 454 850 512 ΚΙ

449 540 558 600 ΚΨ
598 541 710 601 ΜΘ
756 542 850 600 ΚΙ

450 627 473 687 L
523 631 558 687 Ψ
597 631 641 688 M
684 630 710 690 Θ
755 631 784 689 Κ
829 631 849 687 Ι
889 633 927 688 A.

126 731 160 779 at
269 718 410 798 Leporini
437 719 579 777 stercoris
607 716 714 795 pilulas
743 723 857 794 septem
881 724 945 777 tere
970 724 1002 778 et
1027 736 1104 780 cum
1130 721 1206 783 dulci

179 811 247 868 vino
271 806 364 867 colico
387 823 442 884 per
465 804 598 866 triduum
621 805 658 866 da
681 804 851 866 bibendum.

127 909 160 957 28
268 893 312 954 to
332 893 390 954 coli
408 892 526 956 dolores
545 896 701 955 mentastri
719 892 797 972 folia,
817 901 961 972 quantum
979 894 1085 957 tribus
1105 897 1204 976 digitis

179 982 402 1062 adprehendere
426 985 573 1063 potueris,
596 982 683 1042 tolles
705 991 735 1043 et
757 983 805 1042 his
828 981 939 1042 adicies
962 982 1094 1046 feniculi
1119 989 1202 1047 semi·

178 1074 225 1132 nis
249 1071 386 1131 cocliaria
409 1071 482 1152 duo;
505 1071 579 1132 baec
602 1073 633 1131 in
657 1089 749 1132 unum
773 1089 861 1150 quam
883 1072 1092 1134 minutissime
1113 1083 1201 1155 teres,

178 1159 368 1240 postmodum
387 1159 477 1221 addes
496 1162 557 1221 vini
574 1161 684 1220 veteris
704 1161 809 1237 optimi
823 1158 945 1238 cyathos
960 1169 1123 1242 quattuor,
1139 1172 1200 1225 tum

179 1248 349 1309 calefactam
372 1250 537 1329 potionem,
561 1256 704 1327 quantum
733 1248 844 1326 digitus
871 1249 934 1326 pati
955 1251 1073 1330 possit,
1100 1254 1199 1314 ieiuno

178 1335 336 1399 bibendam
364 1337 461 1419 dabis3
492 1339 632 1398 contiuuo
661 1345 766 1397 ventos
793 1338 909 1397 emittet
936 1344 968 1397 et
996 1336 1198 1402 deiectionem

179 1427 275 1487 faciet.
322 1426 404 1487 Hanc
433 1444 503 1504 ergo
531 1428 682 1506 potionem
711 1427 736 1485 si
764 1426 831 1504 quis
857 1423 958 1485 triduo
989 1443 1067 1488 usus
1100 1429 1199 1511 fuerit,

179 1517 312 1594 quamvis
335 1533 439 1594 graves
462 1515 520 1574 coli
543 1514 661 1590 dolores
683 1513 795 1574 evadet.

126 1616 159 1666 29
268 1603 410 1664 Gallinam
433 1621 487 1681 per
510 1610 606 1663 totum
630 1602 708 1663 diem
731 1620 748 1662 a
771 1601 837 1662 cibo
861 1601 1022 1683 abstineto3
1051 1604 1126 1666 dein
1150 1625 1197 1685 po·

179 1701 260 1753 stero
284 1692 332 1753 die
356 1710 424 1754 cum
447 1710 512 1751 eam
536 1691 691 1772 occideris,
714 1708 803 1752 crura
826 1693 891 1751 eius
911 1709 981 1750 cum
999 1691 1062 1753 sale
1082 1702 1114 1755 et
1134 1694 1196 1755 oleo

178 1784 306 1841 inassato
335 1789 365 1842 et
393 1783 493 1841 ieiuno
522 1780 628 1859 colico,
657 1782 708 1858 qui
735 1798 767 1840 se
795 1779 891 1858 pridie
914 1778 980 1839 cibo
1004 1778 1196 1865 abstinuerit,

177 1869 381 1931 manducanda
404 1869 481 1950 dato,
504 1869 629 1929 mirifice
652 1869 810 1947 profueris.

126 1972 159 2020 30
268 1958 429 2038 Corydalus
453 1959 523 2034 avis,
546 1957 576 2018 id
600 1965 645 2018 est
665 1975 740 2036 quae
759 1956 862 2017 alauda
881 1964 1012 2038 vocatur,
1036 1976 1115 2037 quae
1136 1963 1197 2022 ani-

179 2066 243 2108 mos
266 2048 420 2109 hominum
444 2047 593 2108 dodeidine
616 2049 698 2106 vocis
721 2044 858 2125 oblectat,
881 2064 949 2106 cum
969 2064 1023 2106 sua
1041 2046 1147 2124 pluma
1165 2051 1197 2111 in

179 2154 248 2195 vaso
272 2135 356 2197 fictili
378 2144 501 2214 gypsato
524 2139 555 2195 in
579 2135 667 2196 furno
691 2136 787 2214 posito
811 2136 851 2195 ita
870 2133 1057 2214 conburitur,
1083 2145 1118 2197 ut
1137 2140 1198 2199 teri

178 2226 287 2303 possit;
320 2227 464 2283 contritae
497 2231 596 2284 autem
629 2225 822 2283 tenuissimus
848 2222 944 2302 pulvis
972 2226 1134 2302 reponitur
1167 2235 1198 2288 et

179 2328 248 2371 cum
277 2328 352 2388 opus
380 2311 484 2391 fuerit,
512 2330 548 2372 ex
574 2330 609 2370 eo
632 2311 768 2371 cocliaria
792 2311 851 2372 duo
875 2311 921 2372 vel
943 2313 1001 2372 tria
1025 2330 1096 2374 cum
1120 2333 1197 2394 aqua

179 2398 272 2459 calida
291 2416 345 2478 per
363 2398 496 2459 triduum
515 2408 566 2460 aut
586 2399 783 2479 quadriduum
801 2400 922 2481 dantur3
941 2399 1119 2463 incredibile
1137 2403 1196 2465 hoe

179 2487 280 2548 colicis
300 2487 474 2568 remedium,
494 2488 572 2568 quod
592 2489 665 2549 adeo
683 2489 814 2569 prodest,
833 2496 867 2549 ut
883 2490 982 2549 omnia
995 2489 1197 2554 medicamina

178 2579 284 2639 merito
308 2596 450 2658 superare
475 2578 617 2640 rideatur.

126 2681 158 2729 31
269 2667 391 2728 Stercus
415 2685 562 2746 aprunum
585 2685 692 2728 recens
715 2668 745 2726 in
770 2684 845 2745 aqua
868 2667 1026 2727 remissum
1050 2666 1196 2730 colatum·

180 2776 237 2836 que
261 2776 329 2817 eum
353 2755 442 2818 mulsi
465 2756 569 2837 cotylis
587 2755 684 2818 tribus
703 2763 733 2816 et
751 2757 864 2835 piperis
882 2756 1004 2816 contriti
1022 2758 1126 2833 granis
1146 2757 1198 2818 LX

178 2849 209 2905 in
233 2853 296 2907 tres
319 2847 455 2924 potiones
479 2845 606 2906 divisum
629 2863 683 2923 per
706 2843 840 2904 triduum
863 2844 964 2925 datur,
986 2845 1028 2903 ita
1050 2851 1085 2904 ut
1109 2848 1196 2924 prius

179 2953 288 3014 corpus
317 2937 383 2995 eius
410 2934 509 3015 eolici,
537 2936 587 2995 cui
609 2934 691 3012 potio
715 2932 809 2993 danda
833 2939 888 3012 est,
910 2950 1002 3011 acopo
1025 2949 1197 3014 perungua-

181 3035 237 3104 tur,
261 3032 295 3083 ut
318 3025 527 3102 perfrictiones
552 3040 654 3083 omnes
676 3030 777 3082 coacto
797 3021 906 3082 sudore
925 3019 1093 3102 discedaut3
1118 3026 1196 3084 miro

126 3123 160 3170 32
181 3113 312 3172 remedio
336 3111 497 3174 sanabitur.
533 3111 677 3172 Suciuum
701 3110 809 3172 tundes
832 3118 863 3171 et
881 3129 917 3170 ex
937 3111 1001 3169 eius
1019 3108 1116 3172 farina
1135 3112 1196 3173 duo

179 3198 315 3259 cocliaria
344 3218 412 3259 eum
440 3219 515 3280 aqua
542 3219 603 3260 non
631 3201 756 3260 nimium
784 3198 912 3260 ferventi
939 3197 1067 3258 bibenda
1099 3200 1195 3263 colico

270 3336 467 3390 lcaracteres.
514 3337 664 3390 deterens.
711 3333 972 3404 9adpraebindere.
1024 3338 1056 3386 13
1078 3335 1194 3391 emittit.

179 3412 213 3459 14
232 3404 355 3474 potione.
465 3410 497 3459 15
517 3407 620 3460 evadat
638 3411 687 3459 1m
705 3405 807 3460 evadet
823 3410 883 3461 2m.
989 3409 1021 3458 17
1041 3419 1107 3459 com
1126 3405 1194 3463 sale.

179 3484 213 3531 20
233 3475 392 3531 coridallus.
465 3474 583 3530 animus.
657 3480 691 3529 29
710 3475 810 3531 cubilis.
884 3476 944 3548 LX]
964 3473 1035 3530 LXL
1055 3476 1127 3548 (sic).
