2422 3878
516 225 734 290 „54-

72 401 104 450 13
123 388 186 469 pilli
210 390 387 467 nigrescant,
411 389 548 466 protinus
571 387 747 449 inlinuntur.
792 386 899 466 Herba,
924 405 998 466 quae
1020 386 1137 448 Graece

120 484 198 555 acte,
227 474 330 536 Latine
360 476 494 555 ebulum,
527 475 635 536 Gallice
665 476 773 536 odocos
801 476 924 556 dieitur,
958 478 1138 554 exprimitur

119 567 208 625 etiam
233 582 301 625 cum
326 566 388 626 suis
412 566 511 644 granis
536 568 659 643 eiusque
680 583 750 624 suco
775 564 883 625 cotidie
907 563 991 624 inlito
1016 566 1137 642 pectine

68 665 101 714 14
120 655 227 735 crines,
251 655 302 731 qui
317 653 468 713 inficiendi
483 660 560 732 saint,
575 653 789 732 perducuntur.
822 651 982 712 Pomorum
998 652 1034 712 de
1051 671 1136 714 moro

120 743 364 802 maturrimorum
391 775 435 784 —
453 739 502 820 lll,
530 743 645 801 acaciae
674 740 705 801 P.
729 741 754 820 l,
787 743 899 801 caricas
932 759 1057 802 numero
1082 741 1162 801 Vlla

121 837 231 910 quanto
261 831 407 908 nigriores
435 832 546 907 pariter
573 828 737 889 macerabis
765 828 886 889 caelesti
915 847 989 908 aqua
1024 832 1055 889 in
1088 849 1135 891 va·

120 917 203 978 soulo
231 936 318 978 aereo
346 917 446 978 clauso
474 926 562 997 atque
591 918 659 977 inde
688 917 809 996 capillos
831 936 949 994 semper
972 918 1080 978 inlines
1104 927 1136 979 et

119 1005 254 1086 fricabis3
287 1005 339 1066 sed
373 1024 447 1084 quae
481 1007 696 1085 superfuerint,
730 1008 760 1064 in
789 1006 891 1066 eodem
920 1006 1039 1067 vasculo
1069 1026 1135 1085 per·

66 1104 101 1154 15
119 1104 270 1175 maneant,
304 1094 499 1155 diuturnitate
528 1097 607 1154 enim
636 1095 801 1155 efficaciora
835 1103 912 1155 sunt.
960 1094 1133 1174 Conpositio

118 1183 222 1243 eliicax
250 1182 286 1242 ad
315 1181 435 1260 capillos
461 1183 635 1243 inliciendos
665 1192 695 1242 et
723 1183 940 1243 confirmandos
969 1191 999 1242 et
1027 1186 1126 1263 specie
1148 1201 1171 1241 1o

119 1271 284 1349 augendos:
325 1270 508 1349 Fenograeci
532 1273 702 1350 sextarium,
726 1271 778 1331 lini
803 1273 923 1332 seminis
947 1271 1132 1354 tantundem,

119 1359 224 1420 calami
247 1362 400 1419 aromatici
423 1359 454 1419 P.
473 1359 495 1439 l,
519 1360 641 1420 schoeni
664 1359 695 1420 P.
714 1360 736 1439 l,
760 1362 855 1420 casiae
878 1359 909 1419 P.
925 1359 946 1439 l,
967 1359 1060 1437 gallae
1079 1363 1131 1421 tri,-

118 1448 247 1509 chitidos
270 1448 302 1507 P.
325 1449 347 1527 l,
371 1447 468 1508 ladani
494 1480 531 1491 —
552 1448 602 1530 lll,
624 1450 703 1508 roris
727 1450 846 1508 coriarii
867 1447 899 1507 P.
914 1447 935 1526 l,
959 1466 1052 1528 aquae
1077 1448 1131 1510 llu-

117 1536 201 1597 vialis
225 1534 256 1597 :b
276 1535 395 1617 XVllll3
424 1539 523 1597 omnia
550 1537 623 1597 haec
647 1539 677 1596 in
702 1555 794 1596 unum
819 1555 868 1596 vas
892 1539 991 1596 mittes
1016 1544 1046 1596 et
1070 1537 1131 1597 die·

116 1624 173 1685 bus
202 1624 253 1684 XL
286 1624 342 1685 sub
371 1626 438 1685 divo
471 1627 600 1704 positum
633 1624 750 1685 iubebis
783 1624 891 1684 cotidie
922 1643 975 1703 per
1003 1644 1132 1703 puerum
1146 1641 1169 1682 15

116 1716 262 1793 virginem
285 1716 474 1794 commoveri,
497 1716 536 1773 ita
561 1720 604 1793 ut,
628 1715 653 1772 si
677 1713 794 1792 quando
814 1731 889 1791 puer
908 1715 972 1791 ipse
993 1713 1131 1795 deluerit,

116 1805 252 1880 signetur
275 1820 372 1882 neque
397 1821 412 1862 a
434 1819 583 1880 quoquam
606 1802 665 1861 nisi
689 1820 704 1860 a
729 1820 821 1880 puero
846 1801 903 1861 alio
927 1803 1042 1880 virgine
1063 1821 1131 1863 con-

115 1893 255 1970 tingatur.
301 1891 408 1951 Postea
446 1889 592 1949 recondes
630 1889 787 1968 diligenter
826 1898 856 1950 et
888 1889 944 1950 sub
978 1890 1131 1969 signaculo

116 1979 223 2040 habeto
248 1987 278 2039 et
301 1978 409 2039 cotidie
433 1996 508 2055 aqua
527 1978 630 2038 eadem
650 1987 738 2056 caput
756 1981 857 2039 inrora
876 1986 906 2038 et
924 1980 1042 2057 pectine
1062 1979 1130 2039 inde

65 2078 97 2126 16
116 2067 281 2127 madefacto
309 2074 399 2145 caput
423 2074 517 2146 pecte.
563 2066 606 2126 Ad
634 2066 770 2144 flegmata
799 2067 835 2127 de
863 2069 960 2146 capite
988 2076 1018 2127 et
1042 2085 1167 2146 aqua-xo

116 2154 206 2215 liculo
240 2154 425 2215 deducenda:
459 2154 564 2214 Scillae
597 2153 703 2215 libram
731 2173 820 2215 unam
849 2157 880 2215 in
908 2173 1001 2235 aquae
1031 2153 1062 2216 :b
1091 2155 1131 2216 lll

117 2244 245 2304 infusam
273 2261 383 2322 coques
408 2243 443 2302 ad
468 2245 584 2323 tertias,
612 2252 722 2323 postea,
741 2246 818 2304 aceti
841 2246 944 2322 optimi
968 2247 1131 2305 sextarium

117 2332 227 2392 adicies
251 2341 281 2391 ei
304 2340 364 2392 tam
383 2331 434 2391 diu
453 2334 561 2392 iterum
581 2331 669 2392 simul
688 2335 786 2392 omnia
806 2350 964 2413 excoques,
989 2333 1129 2412 quamdiu

117 2421 153 2481 ad
177 2422 339 2480 sextarium
361 2420 520 2501 perducas3
551 2429 615 2480 tum
638 2419 749 2481 colabis
773 2430 803 2481 et
826 2421 936 2481 adicies
960 2420 1056 2482 mellis
1080 2441 1130 2500 op-

117 2511 182 2569 timi
200 2508 231 2568 P.
246 2507 280 2569 ll.
318 2509 429 2569 lterum
454 2511 550 2569 omnia
575 2508 663 2569 simul
686 2515 746 2569 tam
770 2509 820 2569 diu
845 2527 964 2590 coques,
989 2511 1165 2588 quamdiuaa

65 2607 98 2658 17
118 2597 153 2657 ad
182 2596 279 2657 mellis
307 2598 535 2659 erassitudinem
563 2600 689 2657 veniant.
736 2597 907 2677 Conpositio
935 2597 1068 2676 pulveris
1094 2599 1130 2660 ad

116 2704 218 2746 reuma
248 2687 340 2746 totius
369 2688 516 2765 corporis,
541 2685 592 2746 sed
621 2688 746 2746 maxime
770 2687 805 2746 ad
832 2688 936 2765 capitis
960 2705 1078 2747 necnon
1101 2695 1131 2747 et

117 2775 152 2835 ad
176 2774 385 2854 perfrictiones
409 2782 439 2834 et
463 2775 691 2834 constrictiones
711 2773 827 2835 cerebri
845 2774 1048 2836 resolvendas:
1072 2775 1130 2836 llu-

116 2863 195 2924 forbi
213 2897 258 2906 —
270 2862 307 2945 ll,
325 2865 437 2942 piperis
454 2895 492 2949 ᾗ·
510 2860 572 2941 llll,
591 2862 732 2924 bacarum
751 2863 827 2923 lauri
846 2865 994 2924 siccarum
1008 2863 1130 2946 -1111,

118 2954 246 3013 samsuci
263 2985 300 2995 —
318 2951 353 3032 ll,
373 2946 550 3012 centaureae
565 2983 607 2994 —
621 2950 671 3032 lll,
690 2950 875 3012 aristolociae
890 2951 994 3030 longae
1011 2986 1052 2994 -
1068 2951 1130 3034 llll,
1143 2967 1166 3006 oo

117 3042 170 3100 iris
193 3040 326 3119 illyricae
353 3074 390 3082 —
412 3039 479 3120 llll,
503 3058 619 3119 myrrae
643 3073 685 3083 —
704 3039 767 3121 llll,
793 3039 917 3100 bidellae
943 3040 1068 3121 -llll,
1092 3043 1132 3101 ci·

118 3127 200 3187 cidae
223 3159 260 3170 -
277 3127 339 3208 llll,
363 3130 523 3208 stypteriae
548 3129 675 3189 sohistes
700 3128 821 3208 -llll,
843 3130 917 3189 nitri
939 3127 1132 3190 Alexandrini

118 3214 267 3275 combusti
290 3223 320 3275 et
343 3219 410 3276 vino
435 3224 534 3277 vetere
558 3220 682 3279 extincti
705 3216 833 3298 -llll,
862 3216 931 3277 salis
955 3221 1132 3278 ammoniaci

122 3335 159 3347 -
176 3302 238 3363 llll.
262 3301 341 3363 Haeo
361 3307 459 3364 omnia
478 3305 695 3386 contundenda,
715 3305 820 3365 deinde
841 3305 998 3366 cribranda
1015 3314 1046 3367 et
1065 3325 1132 3387 per·

190 3443 203 3491 1
220 3436 382 3506 nigrisoant.
439 3443 455 3491 2
471 3437 546 3508 acte]
561 3439 740 3494 chamaeacte
752 3439 912 3495 (leccardus.
953 3445 986 3495 12
1001 3439 1132 3513 schoeni]

134 3507 195 3561 cini.
251 3507 410 3562 trichitidos
428 3510 542 3578 scripsi:
560 3509 704 3565 iriohidos.
761 3516 793 3566 17
808 3511 954 3582 virginem.
1009 3513 1133 3568 201162-

158 3579 203 3633 tta.
276 3583 310 3633 23
330 3594 497 3648 exquoques.
571 3586 605 3636 26
623 3581 727 3636 veniat.
