2422 3878
521 134 761 198 -218-

82 310 132 358 138
224 294 333 356 Sabuci
355 295 431 356 liber
454 297 533 356 inter
556 298 699 356 corticem
720 302 750 356 et
769 295 922 357 surculum
942 312 1028 355 rasus
1047 303 1080 356 et
1099 298 1154 356 tri·

134 394 183 445 tus
211 393 300 464 atque
328 384 364 445 ad
391 386 477 444 nucis
506 383 653 462 iuglandis
682 384 914 463 magnitudinem
942 402 979 443 ex
1002 401 1081 462 aqua
1105 384 1154 444 vel

134 473 230 534 mulso
252 481 343 551 potus
367 474 442 532 miro
466 473 553 532 modo
577 472 706 533 detrahit
729 472 817 532 bilem
842 491 876 537 ac
897 471 1086 533 stomachum
1106 491 1153 533 re-

83 562 224 623 laelevat.
257 561 428 621 Vettonicae
450 560 560 620 herbae
585 560 652 620 lolia
675 563 706 621 in
726 561 831 621 umbra
850 561 977 621 arelacta
996 560 1152 622 contunde

136 658 166 711 ct
189 650 281 711 cribla
305 657 393 728 atque
418 667 454 708 ex
478 667 512 708 eo
535 648 657 726 pulvere
681 649 834 727 paululum
858 658 887 710 et
910 648 1006 708 mellis
1032 649 1179 710 decoctis

137 741 273 819 cyathum
296 755 389 798 unum
413 739 561 814 permisce
580 747 668 816 atque
687 737 755 797 inde
774 746 842 816 post
860 755 963 797 cenam
983 736 1019 796 ad
1039 740 1154 816 magni·

136 828 269 887 tudinem
284 826 391 885 ciceris
405 824 686 903 transglnttiendum
701 825 785 885 dabis
800 828 836 906 ei,
851 827 903 904 qui
917 825 1017 885 cibum
1032 827 1153 905 evomit,

86 917 241 977 utstatim
269 921 368 992 potest
396 915 557 974 continere.
606 913 745 974 Radicem
770 913 926 975 ficulneam
955 915 1017 974 vini
1039 916 1153 974 veteris

137 1002 240 1081 cyatho
270 1019 328 1060 uno
356 1002 459 1061 inrade
487 1008 517 1061 et
543 1004 717 1080 priusquam
746 1020 836 1062 cenes
863 1001 910 1061 vel
932 1001 1069 1062 cubitum
1094 1020 1153 1083 eas,

86 1090 245 1168 141hihito,
269 1090 389 1149 siritio
413 1089 558 1150 stomachi
581 1088 737 1149 laborabis
774 1089 891 1150 Laseris
912 1092 976 1149 veri
998 1089 1152 1151 modicum
1167 1109 1190 1149 ιο

139 1197 174 1238 ex
194 1196 287 1256 aquae
306 1177 429 1255 frigidae
449 1178 562 1255 cyathis
578 1186 717 1256 quattuor
731 1177 811 1238 dilue
826 1187 856 1238 et
870 1178 1031 1238 dormitum
1051 1180 1152 1239 iturus

137 1266 215 1346 hibe,
239 1275 271 1326 ut
294 1265 394 1325 cibum
417 1265 493 1326 bene
516 1284 694 1347 concoquas,
717 1274 767 1326 aut
790 1268 854 1326 eius
877 1267 1008 1326 radicem
1031 1273 1152 1344 gustato

85 1355 301 1415 14adormitum
326 1353 448 1435 vadens,
471 1353 550 1413 idem
576 1353 631 1413 tihi
653 1353 823 1432 praestabit.
869 1352 978 1413 Rorem
1001 1356 1154 1416 marinum

137 1445 255 1502 ieiunus
283 1442 509 1502 commanducet
536 1449 587 1501 aut
614 1444 645 1501 in
674 1460 749 1521 aqua
772 1441 865 1502 calida
888 1452 1044 1503 excoctum
1069 1442 1153 1504 hibat

137 1533 188 1610 qui
212 1530 389 1591 cruditatem
411 1532 550 1608 patietur,
574 1532 673 1590 statim
697 1529 918 1590 remediahitur.
1165 1547 1189 1589 xs

85 1632 135 1680 143
226 1620 397 1697 Conpositio
420 1620 550 1695 potionis
569 1619 605 1678 ad
628 1617 760 1678 dolorem
779 1618 923 1678 stomachi
942 1620 1003 1678 sive
1022 1618 1058 1677 ad
1080 1637 1153 1680 nau·

138 1727 216 1769 seam
241 1707 459 1785 reprimendam
484 1707 540 1766 sic:
568 1706 684 1766 Herbae
707 1707 932 1787 mandragorae,
955 1724 1031 1785 quae
1055 1710 1153 1768 nasci·

137 1805 187 1857 tur
214 1798 246 1855 in
268 1794 341 1854 locis
367 1796 527 1874 montanis,
557 1814 647 1856 sucus
671 1813 830 1874 expressus
853 1795 888 1855 ad
912 1794 1054 1874 ponderis
1080 1799 1154 1856 scri·

137 1885 240 1962 pulum
269 1883 424 1944 dimidium
446 1890 626 1963 potatusque
650 1903 685 1943 ex
709 1902 784 1962 aqua
807 1883 900 1944 calida
923 1883 969 1944 vel
993 1901 1029 1943 ex
1054 1885 1154 1945 mulsa

137 1991 277 2033 narrseam
301 1970 428 2050 expellit,
453 1970 662 2052 abundantiam
685 1971 861 2051 phlegmatis
879 1979 987 2050 purgat
1005 1973 1152 2052 sedatque
1167 1993 1192 2034 ao

138 2061 268 2121 dolorem
294 2059 438 2120 stomachi
466 2068 495 2120 et
518 2061 669 2120 fastidium
697 2060 833 2140 discutit3
860 2061 938 2121 ultra
965 2060 1022 2121 hoc
1050 2070 1153 2123 autem

137 2149 254 2227 pondus
273 2167 310 2208 nc
330 2149 456 2227 dederiS,
476 2150 545 2227 quia
565 2148 675 2210 nullius
695 2149 864 2210 stomachus
883 2151 941 2208 vim
960 2150 1025 2209 eius
1038 2153 1155 2227 poterit

85 2239 299 2318 144sustinere.
338 2234 474 2295 Puleium
498 2255 565 2296 cum
590 2237 716 2315 oxymeli
739 2238 895 2298 decoctum
918 2237 953 2297 ad
978 2255 1154 2300 mensuram

138 2324 272 2383 heminae
296 2323 477 2399 tepefactum
495 2325 596 2384 ieiuno
616 2331 645 2385 et
664 2326 778 2403 digesto
797 2325 880 2387 dabis
899 2324 1072 2400 hibendum,
1092 2346 1154 2389 non

137 2411 232 2471 solum
257 2410 441 2470 stomachum
465 2411 595 2494 reficies,
624 2413 676 2474 sed
700 2417 788 2475 etiam
812 2417 837 2474 si
859 2416 938 2474 circa
961 2431 1014 2474 cor
1038 2413 1153 2495 aliquid
1167 2434 1192 2476 aa

138 2503 195 2560 erit
218 2501 290 2579 vitii,
314 2498 415 2558 eadem
438 2502 557 2576 potione
582 2502 742 2563 sanabitur.

85 2600 135 2648 145
225 2588 268 2647 Ad
289 2587 473 2648 stomachum
492 2590 730 2668 componendum
750 2592 843 2651 uteris
862 2589 993 2651 remedio
1011 2589 1066 2651 tali
1080 2595 1154 2653 satis

137 2677 305 2737 commodo:
329 2676 449 2757 Rutam,
473 2676 585 2758 apium,
609 2680 759 2758 anethum,
784 2680 932 2757 cyminum
956 2681 1061 2757 aequis
1085 2699 1155 2759 por-

138 2767 269 2828 tionibus
293 2784 404 2844 coques
427 2785 496 2826 cum
520 2768 580 2827 vini
603 2770 712 2828 veteris
736 2768 872 2827 sextariis
896 2766 1021 2847 duobus,
1046 2777 1155 2846 postea

138 2856 228 2916 addes
247 2855 305 2915 olei
324 2856 416 2915 amari
434 2852 492 2914 al
516 2864 546 2915 et
564 2857 673 2916 iterum
693 2873 804 2935 coques
822 2855 868 2915 vel
886 2854 1068 2934 aliquamdiu
1084 2876 1155 2918 con·
1167 2875 1191 2916 so

138 2943 245 3005 bullire
264 2946 419 3021 permittes
438 2952 527 3023 atque
546 2943 615 3004 inde
630 2964 699 3006 cum
713 2952 875 3023 utcumque
890 2943 1031 3004 residerit
1041 2944 1154 3027 lervor,

138 3050 192 3109 per
219 3031 371 3110 globulum
399 3031 482 3093 lanae
510 3033 630 3094 sucidae
658 3032 810 3094 stomacho
839 3032 917 3110 quod
948 3032 1078 3094 sulliciat
1109 3037 1153 3094 in-

138 3119 253 3199 fundes,
273 3122 314 3179 ita
334 3129 366 3179 ut
383 3129 487 3198 postea
506 3121 617 3182 densus
635 3121 718 3182 lanae
732 3122 844 3182 lloccus
859 3139 949 3199 supra
964 3122 1154 3184 stomachum

227 3275 243 3322 2
262 3269 353 3336 adque
371 3273 428 3394 quic
450 3278 482 3326 ut
504 3273 671 3341 saepissime)
693 3272 737 3326 ad.
810 3280 827 3328 8
846 3280 911 3343 post
933 3273 1030 3327 statim
1048 3291 1153 3330 rasura

138 3345 185 3395 est.
267 3341 350 3393 euni
392 3344 530 3396 oratorias.
610 3347 643 3395 10
661 3343 733 3414 veri]
755 3343 818 3397 vivi.
898 3350 931 3398 12
950 3346 1000 3399 aul
1018 3344 1080 3399 eius
1099 3362 1153 3403 om.

138 3417 172 3464 20
190 3410 413 3465 habundantiam
435 3410 615 3479 phleumatis.
676 3418 709 3467 23
725 3413 839 3468 oximeli
852 3415 968 3470 decocti.
1022 3420 1058 3469 24
1072 3417 1153 3487 tepe-

138 3482 238 3536 factae.
312 3486 344 3535 31
364 3482 502 3537 resederit
521 3483 682 3542 Carnarius.
754 3482 855 3540 ferbor.
