2422 3878
158 125 255 186 voluta
278 142 375 202 panno
399 123 491 186 rubro
513 130 630 203 portata
653 122 690 183 ab
714 141 762 204 eo,
786 125 835 184 cui
858 124 989 184 remedio
1013 143 1093 204 opus
1119 135 1173 209 est,

103 224 136 274 89
155 213 333 292 profluvium
357 214 471 274 ventris
495 214 559 272 eius
582 210 736 272 inhibebit.
782 211 872 272 Betae
895 211 1060 274 conbustae
1086 222 1121 274 et
1142 217 1173 275 in

155 301 309 379 pulverem
332 301 469 361 redactae
492 307 581 379 atque
604 299 744 360 subactae
768 318 836 361 cum
858 307 941 361 aceto
960 308 990 361 et
1009 319 1026 360 a
1045 310 1173 381 pectore

155 389 317 450 laborantis
344 390 501 468 inguinum
526 395 615 449 tenus
642 388 742 448 inlitae
771 388 949 449 validissime
977 389 1173 469 adstringunt

102 491 136 540 89
154 479 332 557 profluvium
347 476 601 555 deiectionemque
616 479 735 537 ventris.
765 475 825 536 Ros
840 478 987 537 marinum
1002 496 1072 538 cum
1088 489 1197 541 cretas

156 566 236 626 molli
262 567 367 626 tritum
395 571 425 624 et
453 583 520 625 cum
548 571 631 624 aceto
658 564 776 624 modico
802 567 900 625 ventri
922 567 1089 644 inpositum
1115 568 1173 629 alvi

102 669 136 718 99
154 654 335 733 profluvium
361 653 449 712 sistit.
490 651 569 713 Rubi
596 654 698 731 spinae
726 652 842 713 radices
870 661 900 713 et
928 653 1048 714 coliculi
1070 659 1173 717 teneri

155 760 223 803 cum
250 743 318 801 vino
346 739 470 800 Amineo
497 748 616 801 anstero
645 740 681 800 ad
708 743 812 801 tertias
840 741 1051 820 decoquuntur
1078 752 1172 823 atque

155 849 191 890 ex
215 847 250 888 eo
273 830 342 889 vino
365 827 488 908 cyathus
511 828 548 888 ad
572 828 650 889 diem
670 830 771 889 ieiuno
791 832 903 890 ventris
921 830 1068 909 profluvio
1087 831 1172 892 labo·

154 919 233 978 ranti
255 918 339 995 potui
362 917 449 979 datus
473 919 583 996 optime
606 915 782 978 medebitur.
1185 933 1208 974 1o

101 1019 134 1066 91
243 1003 342 1065 Herba
365 1004 554 1085 oxylapatbos
578 1024 647 1066 cum
671 1009 782 1065 semine
807 1024 860 1066 suo
885 1006 966 1067 arida
985 1008 1117 1069 contrita
1143 1018 1173 1070 et

155 1112 190 1153 ex
218 1095 286 1153 vino
315 1093 409 1154 calido
437 1101 505 1172 pota
528 1111 667 1171 magnum
690 1096 923 1154 incontinentiae
946 1095 1059 1154 ventris
1082 1114 1172 1174 prae·

101 1189 212 1244 uastat
240 1182 413 1243 remedium.
454 1181 548 1242 Prnni
576 1181 700 1242 silvatici
725 1182 813 1243 bacas
836 1185 1038 1262 corticemque
1063 1201 1098 1244 ac
1123 1203 1171 1244 ra·

154 1270 249 1330 dicem
279 1272 344 1331 eius
368 1269 483 1330 arboris
506 1271 537 1329 in
560 1288 653 1330 unum
677 1288 713 1330 ex
736 1271 804 1330 vino
828 1270 865 1330 ad
888 1273 992 1331 tertias
1015 1270 1171 1351 decoques

154 1367 242 1438 atque
271 1377 307 1419 ex
335 1376 369 1418 eo
398 1357 530 1436 singulos
558 1358 678 1436 cyathus
706 1358 743 1418 ad
768 1358 847 1418 diem
870 1358 1044 1419 deiectionis
1067 1361 1170 1422 taedio
1186 1376 1209 1417 1⁵

100 1458 134 1506 93
155 1446 302 1507 laboranti
329 1448 429 1506 ieiuno
456 1447 541 1524 potui
569 1445 660 1506 dabis.
701 1445 758 1505 Iris
785 1446 913 1525 Illyrica,
941 1446 972 1507 id
1000 1454 1044 1507 est
1070 1447 1171 1510 Mace—

154 1535 267 1615 donica,
292 1552 367 1613 quae
391 1534 481 1594 inerit
504 1535 671 1612 gravissimi
692 1534 842 1615 ponderis,
866 1535 1068 1595 contundatur
1087 1544 1117 1597 et
1137 1540 1171 1598 in

153 1622 305 1700 pulverem
324 1621 486 1683 cribratum
508 1624 776 1700 tenuissimumque
795 1622 947 1700 redigatur
966 1629 1055 1702 atque
1075 1643 1112 1685 ex
1132 1643 1169 1686 eo

153 1727 293 1771 mensura
321 1709 460 1770 acitabuli
487 1713 577 1770 unius
606 1710 751 1770 dimidiati
778 1728 846 1770 cum
874 1712 955 1789 passi
982 1711 1078 1790 cotyla
1107 1731 1170 1773 una

152 1800 368 1876 permisceatnr
397 1805 426 1858 et
450 1800 614 1876 coagitetur
638 1805 725 1877 atque
749 1798 818 1859 inde
843 1798 975 1859 cocleare
999 1818 1168 1881 1111111991-

152 1885 226 1946 liaeo
255 1905 340 1947 mane
369 1889 469 1948 ieiuno
497 1888 597 1967 detnr,
624 1889 666 1947 tta
693 1893 727 1947 ut
754 1893 784 1946 et
818 1906 835 1946 a
863 1905 936 1948 cena
963 1886 1167 1971 abstineatur;

152 1975 277 2034 mIrifice
300 1975 442 2053 proderit.

99 2072 134 2123 94
243 2061 275 2120 Si
301 2064 368 2141 quis
391 2064 536 2123 tortiones
560 2062 659 2122 subito
682 2065 745 2140 pati
767 2065 900 2141 coeperit
924 2063 960 2123 de
983 2066 1097 2124 ventris
1121 2069 1166 2126 ni-

152 2149 285 2229 mietate,
313 2150 404 2226 pedes
433 2168 502 2210 suos
530 2151 561 2209 in
584 2168 660 2228 aqua
683 2150 860 2211 calidissima
884 2169 972 2230 quam
996 2151 1164 2214 diutissime

151 2244 260 2315 teneat,
284 2238 384 2297 statim
407 2236 567 2297 sanabitur.
1178 2255 1203 2295 99

99 2337 133 2386 99
242 2324 420 2403 Sanguinem
451 2344 615 2406 caprunnm
644 2328 670 2386 91
696 2327 832 2405 polentae
860 2325 1026 2387 furfuribus
1049 2327 1164 2390 adiecta

152 2414 251 2473 resina
274 2416 430 2475 miscueris
454 2422 542 2494 atque
566 2415 719 2495 emplastri
741 2414 828 2474 modo
857 2430 912 2474 ano
935 2416 1091 2494 ventrique
1115 2416 1163 2477 ad·

151 2504 301 2582 posueris,
324 2502 442 2582 pondus
465 2522 551 2564 omne
575 2511 605 2564 et
627 2503 779 2564 libidinem
803 2503 977 2563 deiectionis
1001 2503 1163 2565 efficaciter

150 2593 303 2669 reprimes.

97 2691 131 2741 99
238 2680 325 2740 199111
352 2681 504 2740 verrinum
532 2697 637 2739 recens
666 2679 845 2740 conbustum
873 2680 1095 2758 contritumque
1128 2681 1163 2741 ad
1175 2699 1200 2739 eo

151 2785 296 2828 summam
324 2768 473 2828 levitatem
500 2786 567 2828 cum
596 2769 676 2848 vino,
705 2767 756 2828 sed
781 2769 845 2827 sine
869 2766 929 2827 sale
952 2769 1037 2845 potui
1060 2768 1163 2830 datum

150 2857 311 2916 efficaciter
334 2857 500 2935 subprimet
523 2858 643 2916 nimiam
666 2855 870 2916 deiectionem.

97 2956 130 3004 97
240 2943 364 3024 Leporis
383 2948 502 3024 sangnis
520 2963 626 3005 recens
645 2944 767 3005 delusus
786 2952 816 3004 et
835 2960 903 3004 cum
921 2943 1040 3022 polenta
1057 2916 1162 3006 coctus

97 3044 130 3094 98
150 3038 180 3088 9
168 3031 295 3092 tdatus
324 3033 503 3111 dysinterico
529 3033 597 3093 ilico
620 3034 733 3093 ventris
755 3032 935 3111 profluvium
958 3033 1051 3092 sistet.
1094 3031 1162 3093 Hir-

240 3235 649 3291 lrobro.10medibilnr
711 3243 742 3291 11
763 3237 949 3308 oxilapathos.
1006 3235 1159 3292 1611111911.

150 3312 182 3360 19
202 3305 299 3361 9911911
288 3307 386 3375 1(sic)
460 3305 554 3361 cotila.
626 3313 660 3362 96
679 3256 894 3376 furfuribnsque.
