2422 3878
557 135 795 200 -296-

169 302 267 361 occisa
290 299 393 379 luerit,
417 298 454 358 ad
478 305 612 358 ventrem
636 299 723 357 suunt
748 296 860 377 alliget3
880 296 916 356 de
937 295 1030 356 herba
1056 314 1191 381 quoquc,

169 406 244 467 quae
268 389 362 448 muris
386 385 520 459 auricula
541 386 662 465 dicitur,
685 403 791 445 norem
810 385 879 445 folia
897 383 981 445 tollat
1001 391 1030 445 et
1050 404 1123 447 cnm
1145 391 1191 467 pi-

169 478 249 555 peris
277 478 377 556 granis
404 473 483 535 Vllll
509 480 587 534 terat
615 481 645 534 et
675 491 711 533 ex
729 491 814 552 aqua
844 472 926 533 bibat
955 491 1010 552 per
1040 476 1188 538 triduum

116 577 149 626 21
170 564 260 626 Τ2122
289 581 407 644 qnoque
436 563 546 642 leporis
575 561 740 623 ventriculo
769 560 935 639 subligatus
963 561 1101 624 dolorem
1126 569 1190 628 eins

117 667 151 714 22
171 647 310 716 exclddit.
351 650 523 712 Lenticulae
550 650 669 711 hemina
696 652 728 710 in
755 657 839 710 aceto
867 650 1029 711 madefacta
1059 660 1091 713 et
1123 654 1208 715 cibo

119 755 152 804 23
170 745 315 823 potuique
345 740 411 800 data
439 741 539 800 ieiuno
568 741 716 800 extinctos
744 737 906 799 lumbricos
936 740 1048 800 eximit.
1097 742 1190 804 Malva

171 849 239 892 cum
270 829 373 907 senapi
396 836 479 888 cocta
503 834 534 888 et
555 829 587 888 in
611 827 701 888 calice
725 829 821 906 posita
844 845 878 887 ao
902 827 1076 889 sorbitionis
1101 832 1191 892 modo

118 930 154 979 24
173 920 292 996 saepius
321 923 436 994 gustata
463 918 615 977 succurrit
643 915 786 976 molestiis
809 915 1033 976 lumbricorum.
1078 918 1192 981 Grano-

171 1024 239 1067 rnm
262 1005 299 1065 de
321 1004 407 1065 malis
425 1004 546 1066 Punicis
570 1003 701 1065 dulcium
724 1004 936 1082 acidorumqne
956 1021 1047 1064 sucus
1067 1024 1193 1087 expres-

172 1112 223 1154 sus
246 1111 334 1173 passo
359 1093 491 1154 eiusdem
514 1111 672 1153 mensurae
696 1094 872 1153 inmiscetnr
895 1094 1095 1172 potionesque
1116 1097 1193 1158 duae

171 1182 207 1242 de
237 1184 384 1262 permixto
412 1183 488 1242 finnt
516 1188 545 1241 et
572 1200 632 1242 una
660 1189 728 1242 ante
761 1198 864 1241 cenam
897 1181 997 1260 datur,
1030 1181 1088 1242 alia
1123 1194 1194 1263 post

172 1289 289 1351 cenam,
317 1278 437 1350 postera
465 1270 514 1331 die
542 1272 665 1330 tertiave
693 1268 857 1330 lumbricos
885 1269 931 1330 vel
958 1270 1054 1330 tineas
1084 1281 1193 1350 poten-

171 1367 218 1419 ter
242 1358 369 1439 expellit.

118 1456 153 1507 23
263 1447 386 1509 Stercus
410 1450 563 1527 caprinum
588 1446 703 1507 aridum
726 1448 832 1507 tritum
855 1444 970 1506 adiecto
993 1445 1082 1506 melle
1106 1453 1194 1526 potui

119 1547 152 1595 26
172 1537 274 1597 datum
293 1555 330 1596 ex
348 1554 424 1614 aqua
443 1535 536 1597 calida
554 1537 629 1595 mire
647 1534 787 1613 producit
805 1535 909 1594 tineas.
942 1533 1061 1594 Corvini
1076 1554 1193 1598 cornus

172 1624 312 1685 conbusti
339 1626 415 1684 cinis
447 1627 535 1684 tritus
563 1642 599 1684 ex
627 1641 702 1701 aqua
729 1631 818 1701 potus
846 1625 942 1683 tineas
969 1629 1113 1700 potenter
1146 1644 1194 1687 ex·

119 1724 152 1773 27
172 1713 262 1792 pellit.
300 1712 431 1772 Baianus
455 1730 491 1771 ex
515 1730 590 1790 aqua
612 1712 648 1771 ad
671 1713 775 1772 tertias
799 1709 977 1788 decoquitur
1001 1728 1098 1789 eaque
1120 1716 1191 1775 vino

118 1813 152 1862 23
172 1803 264 1862 mixta
286 1800 323 1860 ad
347 1800 535 1878 extirpandas
558 1802 653 1860 tineas
677 1799 791 1860 utiliter
813 1796 934 1859 bibitur.
972 1797 1067 1858 Radix
1089 1802 1192 1864 inulae

172 1891 203 1949 in
226 1891 295 1950 vino
315 1887 502 1969 decoquitur,
526 1888 633 1949 deinde
652 1906 743 1949 sucus
763 1888 827 1948 eius
847 1889 1022 1965 exprimitur
1041 1892 1192 1970 potuique

172 1978 260 2038 datur
283 1977 319 2037 ad
342 1979 438 2037 tineas
457 1978 638 2059 enecandas3
662 1978 715 2037 sed
734 1995 769 2037 ea
786 1975 869 2036 radix
888 1985 1081 2054 posteaquam
1103 1987 1193 2040 eruta

120 2078 153 2125 29
174 2073 228 2145 est,
252 2074 363 2126 terram
387 2084 447 2126 non
471 2065 560 2126 debet
582 2066 743 2144 adtingere.
785 2064 890 2125 Aleum
913 2066 944 2123 in
969 2064 1117 2126 oenomeli
1143 2068 1193 2128 de—

175 2162 293 2214 coctum
318 2164 348 2213 et
371 2165 505 2215 voratum
528 2154 662 2232 proderit
684 2152 839 2214 lumbricis
861 2152 906 2213 vel
924 2154 1012 2213 tineis
1032 2155 1193 2237 necandis3

175 2259 250 2319 aqua
275 2259 402 2320 quoque,
425 2245 456 2300 in
480 2259 538 2320 qua
561 2241 656 2320 lupini
675 2242 792 2303 decocti
811 2242 931 2319 luerint,
954 2241 1052 2301 addita
1071 2250 1143 2303 ruta
1163 2256 1193 2306 et

121 2341 155 2390 3ο
174 2330 278 2407 pipere
303 2329 373 2387 trito
392 2330 477 2406 potui
495 2329 561 2389 data
580 2329 725 2391 medetur.
762 2332 849 2391 Acini
867 2333 928 2390 sive
948 2328 1082 2407 corymbi
1099 2330 1192 2394 hede-

174 2434 225 2477 rae
244 2424 307 2476 tres
327 2418 449 2476 contriti
467 2418 498 2477 in
517 2417 643 2495 oxymeli
663 2417 775 2479 utiliter
795 2419 952 2479 adversum
968 2420 1064 2478 tineas
1081 2418 1192 2481 bibun-

174 2512 224 2565 tur
247 2511 298 2566 aut
321 2507 418 2565 ventri
440 2505 615 2567 inlinuntur.

121 2607 154 2656 31
266 2593 404 2654 Absinthi
422 2596 495 2655 sicci
510 2594 663 2656 Santonici
680 2594 820 2656 conbusti
833 2595 972 2675 cyathum
986 2613 1089 2674 unum,
1104 2599 1194 2657 corni

174 2685 288 2744 cervini
311 2680 450 2744 conbusti
469 2683 606 2763 cyathum
625 2703 727 2764 unum,
746 2685 805 2764 apii
825 2685 946 2744 seminis
965 2685 1029 2743 triti
1047 2684 1193 2762 cyathum

174 2791 267 2833 unum
291 2771 431 2833 miscebis
455 2781 485 2833 et
508 2774 622 2854 ieiuno,
650 2774 702 2851 qui
726 2774 823 2833 tineas
850 2772 1071 2850 lumbricosque
1096 2776 1191 2851 patie-

174 2871 231 2941 tur,
255 2880 292 2921 ex
315 2878 391 2939 aqua
410 2860 503 2921 calida
521 2862 606 2940 potui
624 2860 708 2922 dabis
725 2860 897 2922 moderatus
916 2878 1086 2921 mensuram
1105 2863 1190 2923 iuxta
1210 2878 1211 2882 ’

174 2958 300 3010 aetatem
323 2952 477 3010 sumentis.

120 3049 153 3097 32
262 3037 306 3097 td
330 3036 493 3099 lumbricos
516 3037 666 3099 eiciendos
689 3037 856 3098 remedium
878 3038 987 3098 mirum
1011 3037 1067 3097 sic:
1102 3036 1191 3098 Satu-

174 3128 253 3185 reiae
282 3126 392 3185 fascem
420 3127 532 3187 bonum
556 3145 625 3187 cum
648 3144 741 3205 aquae
765 3123 796 3186 §r
816 3124 856 3185 lll
879 3127 979 3186 mittes
998 3126 1029 3184 in
1052 3143 1103 3184 vas
1128 3145 1189 3187 am·

173 3212 256 3290 plum
285 3219 314 3271 et
342 3212 500 3291 diligenter
527 3215 660 3296 claudes,
687 3223 806 3294 postera
834 3213 882 3274 die
910 3212 1020 3275 colabis
1043 3222 1074 3274 et
1096 3214 1190 3274 addes

245 3417 310 3471 3et
329 3421 393 3471 aute
411 3434 445 3471 ex
463 3433 512 3474 om.
590 3422 624 3470 23
643 3416 737 3472 fuerit.
813 3425 848 3473 24
865 3418 956 3488 putui.
1037 3425 1071 3472 30
1089 3417 1187 3473 mode-

173 3488 266 3543 ratam
285 3488 446 3546 Ooruara'ue.
533 3493 566 3542 32
586 3486 748 3543 lumbricus.
839 3489 990 3561 satureiae]
1010 3488 1187 3557 saduregem.
