2422 3878
454 91 780 184 ’-148-

150 290 289 362 strumas,
313 284 400 342 etiam
425 280 609 342 marrubium
633 300 701 342 cum
725 282 811 361 adipe
834 284 960 344 mixtum
982 283 1157 362 adpositum·

151 389 208 450 que
231 371 361 448 prodest.

96 472 129 522 '19
238 458 425 519 Exulceratis
454 461 577 518 strumis
605 458 748 519 mustelae
777 461 896 536 sanguis
921 466 1002 519 recte
1026 458 1162 523 inlinitur

94 560 129 610 80
148 547 193 607 vel
226 550 289 626 ipsa
317 549 348 607 in
381 548 448 607 vino
481 547 603 607 decocta
635 547 794 609 salubriter
820 549 984 626 inponitur.
1031 548 1157 630 Cooloae,

149 655 224 716 quae
253 634 354 696 salinis
381 635 551 717 inhaerent,
579 655 648 696 oum
675 638 761 696 testis
787 637 850 696 suis
873 643 979 696 tunsae
1003 646 1095 716 atque
1117 641 1177 699 ina

94 738 127 788 81
147 726 262 803 positae
286 725 408 784 strumis
432 723 594 784 efficaciter
616 733 751 802 prosunt.
787 722 896 802 Talpae
920 726 996 785 cinis
1019 743 1059 786 ex
1077 727 1158 789 melle

147 813 250 873 inlitus
275 813 398 872 strumis
422 812 467 872 vel
490 813 574 872 ieeur
598 816 662 872 eius
685 815 764 873 inter
786 831 893 872 manus
916 814 1021 873 tritum
1046 815 1157 895 adposi-

94 915 128 964 82
147 909 211 961 tum
239 900 402 979 plurimum
430 900 561 979 prodest.
608 900 744 961 Strumae
772 902 883 979 optime
911 902 1052 962 medetur
1081 904 1159 965 radix

147 988 306 1068 verbenae,
335 990 361 1048 si
389 1006 453 1048 eam
479 996 679 1048 transversam
707 1006 825 1049 reseces
848 997 1075 1070 extremamque
1098 994 1158 1053 eius

146 1085 262 1156 partem
286 1076 448 1137 laborantis
472 1075 546 1136 collo
571 1075 743 1157 subnectaS,
767 1079 898 1155 priorem
921 1086 1021 1138 autem
1046 1088 1158 1159 partem
1168 1094 1187 1134 ιθ

146 1168 178 1225 in
205 1166 287 1226 fumo
316 1165 489 1244 suspendas.
535 1164 696 1225 Aresoente
724 1167 804 1225 enim
828 1184 862 1225 ea
885 1173 1018 1226 strumae
1043 1187 1159 1248 quoque

146 1254 339 1314 siccabuntur
369 1261 398 1313 et
426 1255 523 1313 omnis
551 1271 654 1313 earum
682 1271 768 1314 umor
796 1261 918 1314 arescet
964 1254 1042 1315 Cum
1074 1275 1159 1318 sanus

147 1343 251 1422 fuerit,
275 1361 364 1421 quem
389 1344 517 1422 curaris,
547 1344 573 1401 si
595 1342 650 1402 tibi
672 1343 807 1420 ingratus
831 1343 975 1424 extiterit,
1001 1351 1159 1424 utramque

92 1440 128 1494 83
148 1439 263 1510 partem
292 1434 323 1490 in
351 1449 457 1510 aquam
486 1432 605 1511 coicito,
633 1438 763 1490 strumae
792 1439 995 1491 renascentur.
1043 1431 1159 1494 Urticae

147 1520 263 1580 radices
292 1538 360 1579 eum
389 1526 471 1579 aceto
498 1527 599 1579 coctae
623 1526 824 1596 contusaeque
848 1536 881 1579 ao
905 1518 1047 1580 subactae
1072 1524 1189 1582 mani-1⁵

146 1607 202 1668 bus
223 1608 339 1686 tepidae
358 1611 554 1686 inponuntur,
575 1609 752 1684 incipientes
772 1615 901 1667 strumas
920 1609 1065 1669 continuo
1084 1628 1159 1670 com·

145 1699 288 1774 primunt.
333 1695 414 1755 Haec
437 1705 538 1755 autem
561 1713 633 1755 cura
657 1714 716 1755 non
740 1695 836 1755 solum
860 1695 1003 1757 discutiet
1024 1716 1158 1776 prorum·

146 1795 251 1863 pentes
281 1791 422 1864 strumas,
453 1783 504 1842 sed
534 1793 564 1843 et
591 1790 721 1844 maturas
744 1786 784 1844 ita
809 1785 935 1865 aperiet,
963 1793 997 1845 ut
1022 1786 1158 1847 omnibus

147 1872 298 1933 radicibus
321 1874 441 1950 penitus
465 1874 606 1932 extractis
629 1872 665 1932 ad
689 1873 887 1932 certissimam
910 1875 1069 1934 sanitatem
1095 1877 1157 1935 sine

94 1973 128 2022 84
147 1961 205 2021 ulla
230 1962 417 2021 cunctatione
440 1959 593 2038 perducat.
631 1961 729 2039 adeps
753 1963 873 2039 caprina
896 1979 964 2021 oum
988 1962 1189 2024 carcasona

93 2062 127 2110 85
147 2056 212 2108 acta
235 2056 265 2108 et
289 2049 421 2127 adposita
445 2057 574 2108 strumas
598 2051 698 2109 statim
721 2048 855 2109 dissolvit
877 2057 907 2109 et
926 2058 1018 2110 sanat.
1056 2049 1156 2130 Lupus

147 2139 287 2215 marinus,
311 2136 341 2195 id
365 2145 411 2195 est
429 2138 529 2216 pisciS,
553 2144 651 2197 tantae
670 2137 819 2197 efficaciae
838 2145 884 2197 cst
902 2137 1061 2199 adversum
1081 2150 1157 2201 stru·

146 2242 217 2303 maS,
242 2233 275 2282 ut
298 2223 332 2283 ad
353 2223 514 2301 quamlibet
532 2232 647 2303 partem
666 2227 801 2304 corporis
820 2226 956 2286 admotus
975 2234 1157 2288 strumarum

146 2313 251 2372 vitium
274 2329 361 2371 omne
385 2321 532 2390 persanat.

92 2414 126 2462 88
234 2400 383 2460 Adversus
407 2400 579 2479 languorem
602 2403 699 2462 locani
723 2411 878 2480 expertum
897 2402 1189 2464 medicamentanon

146 2490 252 2549 saoies:
278 2488 393 2567 Piperis
416 2489 474 2549 albi
500 2523 538 2532 —
559 2490 585 2569 l,
609 2508 754 2568 naporum
777 2492 899 2551 seminis
924 2524 965 2532 -
984 2490 1049 2563 llll,
1073 2500 1157 2553 rutae

145 2577 248 2636 viridis
269 2569 308 2664 9·
327 2576 373 2657 Vl,
396 2578 526 2638 absinthi
549 2577 652 2638 Gallici
674 2571 714 2664 ,Q
733 2578 779 2659 Vl,
802 2577 907 2638 laseris
927 2581 1033 2656 optimi
1053 2573 1094 2665 pl·
1113 2579 1158 2661 Vl,

147 2664 241 2725 mellis
261 2669 365 2744 optimi
384 2669 554 2726 sextarium.
594 2665 646 2726 His
666 2669 745 2727 tritis
764 2668 990 2744 commixtisque
1014 2669 1045 2726 in
1066 2687 1157 2730 unum

146 2755 318 2816 cocliarium
341 2754 462 2833 plenum
486 2754 570 2814 dabis
593 2757 692 2816 ieiuno
716 2755 880 2814 rorandum
899 2754 946 2814 vel
968 2755 1070 2815 lauces
1089 2757 1157 2816 inde

92 2857 126 2905 87
146 2847 309 2922 continges.
340 2846 407 2921 Apii
426 2845 547 2903 seminis
567 2851 709 2921 quantum
730 2842 827 2903 tribus
845 2843 945 2920 digitis
964 2845 1190 2921 comprober-o

147 2933 207 3014 das,
231 2933 404 2993 tantundem
429 2940 459 2992 et
478 2931 547 2991 salis
571 2939 600 2991 et
619 2933 737 3011 senapis
756 2930 946 2991 Alexandrini
965 2931 1086 3013 adicies,
1109 2951 1156 2994 ru-

146 3029 192 3079 tae
217 3039 336 3099 quoque
359 3020 462 3080 viridis
486 3020 626 3098 pusillum
651 3021 741 3080 addes
764 3027 794 3079 et
817 3018 874 3079 alei
892 3021 990 3098 spicas
1009 3021 1040 3082 V.
1079 3020 1156 3082 Haec

147 3116 226 3166 teres
251 3108 407 3186 diligenter
428 3118 458 3168 et
476 3109 619 3186 adiunges
638 3111 715 3169 aceti
732 3107 803 3168 boni
822 3109 1006 3186 quartarium
1025 3116 1055 3170 et
1074 3109 1156 3171 dabis

146 3193 249 3253 bibere
274 3214 309 3254 ex
333 3214 408 3274 aqua
431 3195 537 3275 calida,
561 3199 586 3256 si
609 3199 745 3275 iamper
768 3195 900 3256 dolorem
923 3197 1054 3258 saucium
1077 3216 1156 3258 man·

93 3295 127 3343 88
148 3282 257 3342 ducare
281 3301 340 3341 non
364 3286 498 3360 poterit„
527 3284 629 3364 Adipis
652 3286 762 3346 veteris
786 3317 827 3327 -
846 3284 867 3365 l,
894 3287 971 3345 turis
994 3304 1085 3364 grana
1108 3285 1189 3367 illu

219 3476 252 3524 25
272 3469 377 3542 focani]
395 3469 519 3525 faucium
539 3471 698 3529 Ooruarius.
