2422 3878
498 121 537 131 -
584 85 737 150 284-

58 262 93 309 64
200 246 316 308 Herbae
349 247 569 327 quinquefoliae
599 248 684 308 radix
710 248 742 307 in
769 245 876 307 umbra
903 245 1038 307 arelacta
1062 265 1132 308 con·

111 346 237 414 tusaque
265 343 295 396 et
322 355 358 396 ex
385 338 453 396 vino
481 335 618 415 polentae
645 337 709 395 vice
732 343 802 414 pota
824 336 899 394 mire
923 334 1040 413 cyliaco
1065 352 1131 398 suc·

58 436 92 487 66
112 426 215 505 currit,
233 424 286 484 sed
305 424 485 485 febricitanti
503 442 540 484 ex
559 441 634 503 aqna
651 422 744 484 calida
758 424 795 484 da
808 422 980 483 bibendum.
1016 422 1130 504 Caprae

111 511 260 575 silvaticae
288 515 371 573 16666
397 511 577 573 carbonibus
600 514 762 572 inassatum
786 519 816 571 et
837 529 893 590 per
915 528 948 571 se
972 508 1149 592 sumptum

84 612 85 616 ’
112 601 239 681 cyliacos
257 600 402 661 remediat
419 600 558 679 idemque
577 601 739 660 arefactum
758 606 788 660 et
806 601 909 660 tritum
929 606 1049 660 etcum
1062 602 1152 661 61666

59 703 93 752 66
112 692 197 768 potui
220 690 321 750 datum
344 689 509 748 certissime
533 688 731 749 auxiliabitur.
773 687 883 749 Caseus
906 689 1008 748 siccus
1033 697 1130 750 trans·

111 780 245 839 marinus
269 784 405 837 vetustus
427 776 543 837 adiecto
567 775 615 836 sili
634 775 744 837 Gallico
768 783 799 836 et
822 775 919 836 sorbis
943 775 1041 837 aridis
1065 776 1130 838 dili·

113 873 218 944 genter
241 862 378 924 omnibus
401 865 481 925 tritis
504 872 534 925 et
558 883 626 925 oum
650 865 710 924 6161
733 865 843 925 6616616
862 865 992 924 66666616
1012 865 1131 944 cyathis

59 966 92 1015 66
112 952 228 1013 duobus
255 953 340 1029 potui
368 952 454 1013 datus
478 952 604 1032 cyliaccs
627 953 703 1012 mire
726 960 819 1013 sanat.
859 950 950 1013 Vituli
974 951 1072 1032 adeps
1095 971 1130 1014 ex

113 1040 222 1101 femina
250 1038 364 1100 sublata
392 1059 461 1101 cum
490 1059 582 1119 aquae
610 1039 715 1119 cotylis
742 1039 840 1101 tribus
862 1039 987 1100 decocta
1011 1049 1045 1100 et
1069 1054 1163 1103 sor-1⁰

112 1127 235 1188 bitionis
257 1146 341 1189 more
364 1135 482 1207 sumpta
506 1129 616 1209 cyliaco
639 1128 802 1207 plurimum
824 1128 956 1208 prodest.

59 1229 93 1278 68
203 1215 319 1296 Cyliaco
348 1225 378 1277 et
406 1219 446 1297 ei,
476 1218 528 1296 qui
555 1215 752 1278 eiectionibus
781 1215 826 1276 661
854 1215 1009 1277 doloribus
1033 1219 1132 1279 acutis

113 1303 170 1364 alvi
202 1307 292 1366 variis
323 1304 496 1386 vexabitur,
534 1311 673 1382 potenter
705 1322 881 1386 666666666,
918 1305 944 1364 61
980 1301 1132 1382 muliebre

112 1393 158 1454 lac
186 1412 274 1472 quam
301 1393 464 1472 plurimum
492 1394 592 1453 ieiuno
620 1395 705 1472 potui
736 1392 868 1475 dederis,
900 1393 995 1453 donec
1027 1410 1132 1471 persa·

60 1494 93 1542 69
114 1489 212 1543 66666.
257 1481 423 1542 Haedinum
456 1481 612 1559 coagulum
644 1481 847 1559 magnitudine
878 1480 962 1542 fabae
995 1481 1028 1540 in
1061 1484 1169 1544 616616

113 1578 227 1650 myrteo
252 1572 411 1630 remissum
441 1576 471 1629 et
495 1571 596 1629 ieiuno
625 1568 735 1648 cyliaco
762 1571 848 1649 potui
875 1569 977 1630 datum
1000 1568 1133 1632 efficaci·

113 1667 160 1718 ter
182 1658 313 1737 prodest.

61 1759 94 1807 66
203 1744 382 1826 Membrana,
407 1762 482 1823 quae
506 1753 552 1806 est
574 1747 606 1805 in
628 1744 795 1806 ventriculo
814 1744 947 1827 gallinae,
966 1747 1079 1819 siccata
1101 1756 1134 1809 et

114 1836 184 1895 trita
208 1842 237 1894 et
260 1852 328 1894 cum
353 1827 420 1893 rino
444 1839 564 1893 austero
588 1832 699 1912 cyliaco
722 1834 822 1894 ieiuno
841 1836 926 1912 potui
944 1834 1012 1895 data
1030 1835 1132 1897 mede·

114 1930 173 2005 tur,
196 1925 237 1982 ita
260 1928 294 1982 nt
317 1923 382 2000 ipsa
404 1920 511 1999 gallina
533 1922 618 2000 prius
640 1920 686 1981 661
708 1919 800 1982 biduo
819 1921 1004 1983 abstineatur
1022 1941 1039 1983 a
1058 1921 1129 1985 cibo
1145 1937 1171 1978 20

115 2018 144 2071 et
172 2012 223 2089 qui
252 2011 403 2089 potionem
431 2018 609 2088 accepturus
637 2016 697 2084 est,
725 2018 792 2070 ante
822 2010 900 2070 diem
926 2011 1011 2089 lruge
1036 2013 1076 2072 sit
1100 2020 1132 2072 et

62 2110 175 2159 61666
199 2106 294 2159 cenet.
333 2097 394 2159 066
417 2101 448 2159 iu
472 2106 555 2158 aceto
579 2117 648 2159 cum
671 2098 757 2158 testis
776 2099 838 2158 suis
856 2105 1004 2159 macerata
1022 2107 1053 2161 et
1071 2099 1130 2161 alio

115 2187 162 2247 die
186 2188 217 2244 in
240 2184 377 2264 patellam
400 2186 498 2246 inlusa
521 2184 623 2264 ibique
646 2192 754 2246 testata
778 2186 896 2265 cyliacis
919 2188 951 2247 in
974 2185 1042 2247 cibo
1061 2187 1130 2249 data

114 2271 276 2352 plurimum
299 2281 434 2349 prosunt.

62 2373 95 2424 66
203 2359 351 2420 Pulticula
365 2359 398 2420 fit
412 2378 448 2420 ex
462 2360 536 2420 61166
549 2362 634 2439 prins
649 2369 756 2425 testata
771 2381 859 2442 quam
873 2364 998 2443 accipiat
1008 2380 1129 2446 aquam;
1142 2375 1168 2417 66

115 2448 212 2509 inlusa
241 2467 310 2508 vero
339 2466 414 2526 aqua
443 2467 510 2509 cera
539 2451 662 2511 remissa
689 2449 750 2511 illic
779 2452 907 2512 mittitur
931 2460 961 2511 66
983 2449 1056 2513 dum
1080 2471 1128 2513 ex-

63 2550 95 2600 63
116 2539 218 2615 coquit
240 2539 406 2615 coagitatur
428 2545 459 2598 et
482 2556 498 2597 a
517 2538 627 2617 cpliaco
646 2538 739 2600 calida
759 2538 906 2600 sorbetur.
943 2538 1024 2599 Galla
1043 2539 1129 2601 Com·

115 2645 238 2705 magona
266 2625 452 2687 comburitur
481 2634 510 2687 et
538 2628 613 2687 cinis
646 2628 711 2687 eius
743 2628 926 2705 extinguitur
957 2628 1027 2687 rino
1059 2645 1130 2689 con·

64 2727 98 2777 64
116 2718 266 2794 tritusque
294 2717 392 2776 ventri
420 2714 522 2794 cyliaci
554 2714 704 2794 inlinitur,
736 2717 835 2775 statim
866 2714 1013 2776 subvenit.
1058 2715 1130 2777 Flos

115 2805 244 2865 hederae
267 2803 366 2864 tribus
388 2803 488 2881 digitis
513 2812 649 2883 sumptus
670 2803 827 2880 diligenter
846 2806 935 2865 tritus
954 2812 1040 2865 etex
1059 2806 1168 2867 vinoso

63 2903 96 2953 66
116 2900 235 2953 6666666
264 2891 374 2972 cyliacc
398 2894 483 2970 potui
506 2892 592 2953 datus
616 2891 760 2952 medetur.
803 2890 912 2952 Serum
934 2891 1056 2953 ovillum
1079 2893 1129 2955 de·

116 2991 234 3042 coctum
261 2983 293 3041 in
320 2983 389 3042 vino
417 2988 535 3040 austero
564 2988 594 3041 et
622 2980 748 3041 calidum
775 2981 861 3060 potui
888 2980 998 3060 cyliaco
1025 2980 1129 3043 datum

116 3069 272 3129 manifesto
296 3069 427 3130 remedio
452 3070 518 3129 erit.

63 3170 96 3218 66
204 3156 306 3216 Laridi
329 3158 437 3217 veteris
460 3158 580 3234 pinguis
607 3189 643 3199 —
665 3155 719 3234 111,
746 3155 842 3217 mellis
865 3155 937 3217 bonl
960 3155 1130 3236 despumati

118 3243 301 3327 tantundem,
319 3246 380 3304 6161
398 3246 508 3305 6666616
527 3246 640 3305 austeri
657 3244 778 3324 cyathos
797 3252 868 3323 tres,
887 3261 1010 3306 ovorum
1029 3253 1128 3308 cocto·
1143 3259 1170 3301 8⁵

204 3428 322 3484 416666.
396 3427 549 3484 1166661116.
622 3434 656 3484 25
676 3431 837 3499 exquoquit.
909 3432 1092 3490 8016661666.
