<?xml version="1.0" encoding="UTF-8"?>
<!DOCTYPE html PUBLIC "-//W3C//DTD XHTML 1.0 Transitional//EN"
    "http://www.w3.org/TR/xhtml1/DTD/xhtml1-transitional.dtd">
<html xmlns="http://www.w3.org/1999/xhtml" xml:lang="en" lang="en">
 <head>
  <title>
</title>
<meta http-equiv="Content-Type" content="text/html;charset=utf-8" />
  <meta name='ocr-system' content='tesseract 3.04.00' />
  <meta name='ocr-capabilities' content='ocr_page ocr_carea ocr_par ocr_line ocrx_word'/>
</head>
<body>
  <div class='ocr_page' id='page_1' title='image "./marcellidemedic00helmgoog/marcellidemedic00helmgoog_0077.png"; bbox 0 0 2422 3878; ppageno 0'>
   <div class='ocr_carea' id='block_1_1' title="bbox 516 141 731 204">
    <p class='ocr_par' dir='ltr' id='par_1_1' title="bbox 516 141 731 204">
     <span class='ocr_line' id='line_1_1' title="bbox 516 141 731 204; baseline 0 -19"><span class='ocrx_word' id='word_1_1' title='bbox 516 141 731 204; x_wconf 65' lang='grc'>,64-</span> 
     </span>
    </p>
   </div>
   <div class='ocr_carea' id='block_1_2' title="bbox 64 300 1164 3308">
    <p class='ocr_par' dir='ltr' id='par_1_2' title="bbox 64 300 1164 3308">
     <span class='ocr_line' id='line_1_2' title="bbox 117 300 1132 382; baseline 0.006 -22"><span class='ocrx_word' id='word_1_2' title='bbox 117 301 246 381; x_wconf 79' lang='lat' dir='ltr'>hyaenae</span> <span class='ocrx_word' id='word_1_3' title='bbox 271 301 346 362; x_wconf 91' lang='lat' dir='ltr'>fellis</span> <span class='ocrx_word' id='word_1_4' title='bbox 371 300 395 362; x_wconf 84' lang='lat' dir='ltr'>ll</span> <span class='ocrx_word' id='word_1_5' title='bbox 417 301 443 382; x_wconf 84' lang='lat'>1,</span> <span class='ocrx_word' id='word_1_6' title='bbox 467 301 614 381; x_wconf 84' lang='lat' dir='ltr'>euphorbi</span> <span class='ocrx_word' id='word_1_7' title='bbox 637 301 662 362; x_wconf 78' lang='lat' dir='ltr'>li</span> <span class='ocrx_word' id='word_1_8' title='bbox 682 301 706 382; x_wconf 81' lang='lat'>13</span> <span class='ocrx_word' id='word_1_9' title='bbox 730 302 786 363; x_wconf 90' lang='lat' dir='ltr'>hoo</span> <span class='ocrx_word' id='word_1_10' title='bbox 811 301 875 362; x_wconf 94' lang='lat' dir='ltr'>oleo</span> <span class='ocrx_word' id='word_1_11' title='bbox 895 301 1021 363; x_wconf 85' lang='lat' dir='ltr'>diluitur</span> <span class='ocrx_word' id='word_1_12' title='bbox 1043 306 1132 366; x_wconf 89' lang='lat' dir='ltr'>etita</span> 
     </span>
     <span class='ocr_line' id='line_1_3' title="bbox 117 390 1132 474; baseline 0.005 -24"><span class='ocrx_word' id='word_1_13' title='bbox 117 391 298 451; x_wconf 82' lang='lat' dir='ltr'>admiscetur</span> <span class='ocrx_word' id='word_1_14' title='bbox 317 394 434 451; x_wconf 88' lang='lat' dir='ltr'>ceteris.</span> <span class='ocrx_word' id='word_1_15' title='bbox 472 392 586 470; x_wconf 82' lang='lat' dir='ltr'>Aquato</span> <span class='ocrx_word' id='word_1_16' title='bbox 607 392 650 452; x_wconf 92' lang='lat' dir='ltr'>uti</span> <span class='ocrx_word' id='word_1_17' title='bbox 669 390 819 470; x_wconf 80' lang='lat' dir='ltr'>oportebit</span> <span class='ocrx_word' id='word_1_18' title='bbox 834 390 891 451; x_wconf 91' lang='lat' dir='ltr'>hoc</span> <span class='ocrx_word' id='word_1_19' title='bbox 905 392 1132 474; x_wconf 89' lang='lat' dir='ltr'>medicamento,</span> 
     </span>
     <span class='ocr_line' id='line_1_4' title="bbox 117 479 1132 559; baseline 0.004 -21"><span class='ocrx_word' id='word_1_20' title='bbox 117 490 162 539; x_wconf 89' lang='lat' dir='ltr'>est</span> <span class='ocrx_word' id='word_1_21' title='bbox 181 481 259 539; x_wconf 92' lang='lat' dir='ltr'>enim</span> <span class='ocrx_word' id='word_1_22' title='bbox 279 482 456 539; x_wconf 87' lang='lat' dir='ltr'>acerrimum</span> <span class='ocrx_word' id='word_1_23' title='bbox 476 490 506 540; x_wconf 88' lang='lat' dir='ltr'>et</span> <span class='ocrx_word' id='word_1_24' title='bbox 524 479 655 558; x_wconf 86' lang='lat' dir='ltr'>undique</span> <span class='ocrx_word' id='word_1_25' title='bbox 676 497 794 540; x_wconf 92' lang='lat' dir='ltr'>umores</span> <span class='ocrx_word' id='word_1_26' title='bbox 814 479 917 559; x_wconf 81' lang='lat' dir='ltr'>trahit3</span> <span class='ocrx_word' id='word_1_27' title='bbox 937 480 1132 559; x_wconf 87' lang='lat' dir='ltr'>quamobrem</span> 
     </span>
     <span class='ocr_line' id='line_1_5' title="bbox 117 566 1133 647; baseline 0.005 -20"><span class='ocrx_word' id='word_1_28' title='bbox 117 586 176 628; x_wconf 91' lang='lat' dir='ltr'>non</span> <span class='ocrx_word' id='word_1_29' title='bbox 205 576 275 628; x_wconf 91' lang='lat' dir='ltr'>sunt</span> <span class='ocrx_word' id='word_1_30' title='bbox 302 568 478 647; x_wconf 88' lang='lat' dir='ltr'>inungendi,</span> <span class='ocrx_word' id='word_1_31' title='bbox 507 570 558 646; x_wconf 87' lang='lat' dir='ltr'>qui</span> <span class='ocrx_word' id='word_1_32' title='bbox 586 569 692 646; x_wconf 91' lang='lat' dir='ltr'>capitis</span> <span class='ocrx_word' id='word_1_33' title='bbox 715 566 847 627; x_wconf 92' lang='lat' dir='ltr'>dolorem</span> <span class='ocrx_word' id='word_1_34' title='bbox 870 577 921 628; x_wconf 91' lang='lat' dir='ltr'>aut</span> <span class='ocrx_word' id='word_1_35' title='bbox 948 570 1133 647; x_wconf 87' lang='lat' dir='ltr'>gravidinem</span> 
     </span>
     <span class='ocr_line' id='line_1_6' title="bbox 116 655 1154 738; baseline -0.002 -22"><span class='ocrx_word' id='word_1_36' title='bbox 116 656 235 736; x_wconf 88' lang='lat' dir='ltr'>hahent,</span> <span class='ocrx_word' id='word_1_37' title='bbox 254 664 284 716; x_wconf 90' lang='lat' dir='ltr'>et</span> <span class='ocrx_word' id='word_1_38' title='bbox 302 665 370 717; x_wconf 89' lang='lat' dir='ltr'>ante</span> <span class='ocrx_word' id='word_1_39' title='bbox 390 655 513 716; x_wconf 90' lang='lat' dir='ltr'>biduum</span> <span class='ocrx_word' id='word_1_40' title='bbox 528 665 579 716; x_wconf 91' lang='lat' dir='ltr'>aut</span> <span class='ocrx_word' id='word_1_41' title='bbox 594 656 725 717; x_wconf 91' lang='lat' dir='ltr'>triduum</span> <span class='ocrx_word' id='word_1_42' title='bbox 740 674 845 734; x_wconf 86' lang='lat' dir='ltr'>aquam</span> <span class='ocrx_word' id='word_1_43' title='bbox 860 655 970 738; x_wconf 83' lang='lat' dir='ltr'>bibant,</span> <span class='ocrx_word' id='word_1_44' title='bbox 990 676 1069 736; x_wconf 85' lang='lat' dir='ltr'>quos</span> <span class='ocrx_word' id='word_1_45' title='bbox 1086 660 1154 719; x_wconf 75' lang='lat' dir='ltr'>der</span> 
     </span>
     <span class='ocr_line' id='line_1_7' title="bbox 117 744 1133 826; baseline 0.005 -22"><span class='ocrx_word' id='word_1_46' title='bbox 117 747 273 805; x_wconf 89' lang='lat' dir='ltr'>stinaveris</span> <span class='ocrx_word' id='word_1_47' title='bbox 291 763 325 804; x_wconf 91' lang='lat' dir='ltr'>eo</span> <span class='ocrx_word' id='word_1_48' title='bbox 343 748 523 825; x_wconf 83' lang='lat' dir='ltr'>inunguere3</span> <span class='ocrx_word' id='word_1_49' title='bbox 543 763 720 824; x_wconf 89' lang='lat' dir='ltr'>quamquam</span> <span class='ocrx_word' id='word_1_50' title='bbox 735 744 842 806; x_wconf 90' lang='lat' dir='ltr'>melius</span> <span class='ocrx_word' id='word_1_51' title='bbox 856 745 974 826; x_wconf 84' lang='lat' dir='ltr'>facient,</span> <span class='ocrx_word' id='word_1_52' title='bbox 999 748 1026 806; x_wconf 91' lang='lat' dir='ltr'>si</span> <span class='ocrx_word' id='word_1_53' title='bbox 1045 749 1133 808; x_wconf 88' lang='lat' dir='ltr'>etiam</span> 
     </span>
     <span class='ocr_line' id='line_1_8' title="bbox 117 833 1132 914; baseline 0.005 -22"><span class='ocrx_word' id='word_1_54' title='bbox 117 841 343 911; x_wconf 89' lang='lat' dir='ltr'>perseveranter</span> <span class='ocrx_word' id='word_1_55' title='bbox 370 852 475 912; x_wconf 89' lang='lat' dir='ltr'>aquam</span> <span class='ocrx_word' id='word_1_56' title='bbox 503 835 683 914; x_wconf 81' lang='lat' dir='ltr'>potaverint3</span> <span class='ocrx_word' id='word_1_57' title='bbox 712 835 783 894; x_wconf 89' lang='lat' dir='ltr'>vitio</span> <span class='ocrx_word' id='word_1_58' title='bbox 815 836 893 894; x_wconf 92' lang='lat' dir='ltr'>enim</span> <span class='ocrx_word' id='word_1_59' title='bbox 920 833 1132 897; x_wconf 87' lang='lat' dir='ltr'>molestissimo</span> 
     </span>
     <span class='ocr_line' id='line_1_9' title="bbox 117 921 1132 1003; baseline 0.007 -23"><span class='ocrx_word' id='word_1_60' title='bbox 117 921 232 982; x_wconf 83' lang='lat' dir='ltr'>facilius</span> <span class='ocrx_word' id='word_1_61' title='bbox 247 924 325 982; x_wconf 89' lang='lat' dir='ltr'>inter</span> <span class='ocrx_word' id='word_1_62' title='bbox 339 924 423 983; x_wconf 90' lang='lat' dir='ltr'>initia</span> <span class='ocrx_word' id='word_1_63' title='bbox 438 921 590 982; x_wconf 87' lang='lat' dir='ltr'>carebunt.</span> <span class='ocrx_word' id='word_1_64' title='bbox 615 921 680 982; x_wconf 92' lang='lat' dir='ltr'>Non</span> <span class='ocrx_word' id='word_1_65' title='bbox 695 931 793 983; x_wconf 89' lang='lat' dir='ltr'>autem</span> <span class='ocrx_word' id='word_1_66' title='bbox 808 925 951 1003; x_wconf 82' lang='lat' dir='ltr'>praeterit</span> <span class='ocrx_word' id='word_1_67' title='bbox 964 941 1013 984; x_wconf 89' lang='lat' dir='ltr'>me</span> <span class='ocrx_word' id='word_1_68' title='bbox 1022 923 1132 986; x_wconf 86' lang='lat' dir='ltr'>habere</span> 
     </span>
     <span class='ocr_line' id='line_1_10' title="bbox 117 1010 1131 1092; baseline 0.006 -23"><span class='ocrx_word' id='word_1_69' title='bbox 117 1018 147 1070; x_wconf 89' lang='lat' dir='ltr'>te</span> <span class='ocrx_word' id='word_1_70' title='bbox 162 1010 325 1088; x_wconf 87' lang='lat' dir='ltr'>prudentes</span> <span class='ocrx_word' id='word_1_71' title='bbox 339 1011 494 1088; x_wconf 87' lang='lat' dir='ltr'>ocularius,</span> <span class='ocrx_word' id='word_1_72' title='bbox 513 1010 624 1090; x_wconf 88' lang='lat' dir='ltr'>quihus</span> <span class='ocrx_word' id='word_1_73' title='bbox 641 1013 667 1071; x_wconf 92' lang='lat' dir='ltr'>si</span> <span class='ocrx_word' id='word_1_74' title='bbox 681 1015 799 1072; x_wconf 91' lang='lat' dir='ltr'>nomina</span> <span class='ocrx_word' id='word_1_75' title='bbox 814 1012 925 1072; x_wconf 85' lang='lat' dir='ltr'>dixeris</span> <span class='ocrx_word' id='word_1_76' title='bbox 939 1011 1131 1092; x_wconf 83' lang='lat' dir='ltr'>collyriorum</span> 
     </span>
     <span class='ocr_line' id='line_1_11' title="bbox 117 1098 1164 1181; baseline 0.006 -23"><span class='ocrx_word' id='word_1_77' title='bbox 117 1101 147 1158; x_wconf 92' lang='lat' dir='ltr'>in</span> <span class='ocrx_word' id='word_1_78' title='bbox 162 1098 218 1158; x_wconf 87' lang='lat' dir='ltr'>hoo</span> <span class='ocrx_word' id='word_1_79' title='bbox 233 1098 309 1160; x_wconf 90' lang='lat' dir='ltr'>libro</span> <span class='ocrx_word' id='word_1_80' title='bbox 325 1101 514 1181; x_wconf 81' lang='lat' dir='ltr'>scriptorum,</span> <span class='ocrx_word' id='word_1_81' title='bbox 531 1101 712 1161; x_wconf 90' lang='lat' dir='ltr'>contendent</span> <span class='ocrx_word' id='word_1_82' title='bbox 726 1100 826 1160; x_wconf 88' lang='lat' dir='ltr'>forsan</span> <span class='ocrx_word' id='word_1_83' title='bbox 840 1118 871 1160; x_wconf 91' lang='lat' dir='ltr'>se</span> <span class='ocrx_word' id='word_1_84' title='bbox 887 1118 1007 1180; x_wconf 89' lang='lat' dir='ltr'>quoque</span> <span class='ocrx_word' id='word_1_85' title='bbox 1021 1101 1131 1164; x_wconf 86' lang='lat' dir='ltr'>hahere</span> <span class='ocrx_word' id='word_1_86' title='bbox 1143 1117 1164 1157; x_wconf 81' lang='lat'>1⁰</span> 
     </span>
     <span class='ocr_line' id='line_1_12' title="bbox 118 1187 1131 1269; baseline 0.007 -23"><span class='ocrx_word' id='word_1_87' title='bbox 118 1187 220 1246; x_wconf 90' lang='lat' dir='ltr'>eadem</span> <span class='ocrx_word' id='word_1_88' title='bbox 248 1191 415 1268; x_wconf 89' lang='lat' dir='ltr'>conposita:</span> <span class='ocrx_word' id='word_1_89' title='bbox 443 1189 494 1249; x_wconf 92' lang='lat' dir='ltr'>sed</span> <span class='ocrx_word' id='word_1_90' title='bbox 524 1191 549 1249; x_wconf 92' lang='lat' dir='ltr'>si</span> <span class='ocrx_word' id='word_1_91' title='bbox 577 1189 709 1268; x_wconf 90' lang='lat' dir='ltr'>pondera</span> <span class='ocrx_word' id='word_1_92' title='bbox 737 1197 787 1249; x_wconf 91' lang='lat' dir='ltr'>aut</span> <span class='ocrx_word' id='word_1_93' title='bbox 816 1188 939 1249; x_wconf 78' lang='lat' dir='ltr'>effectus</span> <span class='ocrx_word' id='word_1_94' title='bbox 968 1207 1131 1269; x_wconf 87' lang='lat' dir='ltr'>conparare</span> 
     </span>
     <span class='ocr_line' id='line_1_13' title="bbox 118 1275 1130 1355; baseline 0.007 -21"><span class='ocrx_word' id='word_1_95' title='bbox 118 1275 207 1355; x_wconf 84' lang='lat' dir='ltr'>voles,</span> <span class='ocrx_word' id='word_1_96' title='bbox 229 1275 317 1355; x_wconf 92' lang='lat' dir='ltr'>longe</span> <span class='ocrx_word' id='word_1_97' title='bbox 340 1277 473 1338; x_wconf 89' lang='lat' dir='ltr'>diversos</span> <span class='ocrx_word' id='word_1_98' title='bbox 496 1280 637 1338; x_wconf 89' lang='lat' dir='ltr'>invenies.</span> <span class='ocrx_word' id='word_1_99' title='bbox 675 1277 736 1355; x_wconf 84' lang='lat' dir='ltr'>Ego</span> <span class='ocrx_word' id='word_1_100' title='bbox 760 1278 840 1336; x_wconf 84' lang='lat' dir='ltr'>enim</span> <span class='ocrx_word' id='word_1_101' title='bbox 862 1278 926 1355; x_wconf 88' lang='lat' dir='ltr'>ipse</span> <span class='ocrx_word' id='word_1_102' title='bbox 950 1278 1058 1339; x_wconf 90' lang='lat' dir='ltr'>ecdem</span> <span class='ocrx_word' id='word_1_103' title='bbox 1082 1299 1130 1341; x_wconf 92' lang='lat' dir='ltr'>no·</span> 
     </span>
     <span class='ocr_line' id='line_1_14' title="bbox 118 1365 1130 1450; baseline 0.008 -28"><span class='ocrx_word' id='word_1_104' title='bbox 118 1365 197 1423; x_wconf 88' lang='lat' dir='ltr'>mine</span> <span class='ocrx_word' id='word_1_105' title='bbox 229 1365 322 1426; x_wconf 94' lang='lat' dir='ltr'>multa</span> <span class='ocrx_word' id='word_1_106' title='bbox 354 1368 520 1446; x_wconf 90' lang='lat' dir='ltr'>conposita,</span> <span class='ocrx_word' id='word_1_107' title='bbox 554 1385 613 1427; x_wconf 92' lang='lat' dir='ltr'>non</span> <span class='ocrx_word' id='word_1_108' title='bbox 640 1367 733 1427; x_wconf 91' lang='lat' dir='ltr'>isdem</span> <span class='ocrx_word' id='word_1_109' title='bbox 762 1365 944 1443; x_wconf 86' lang='lat' dir='ltr'>ponderibus</span> <span class='ocrx_word' id='word_1_110' title='bbox 973 1374 1004 1427; x_wconf 88' lang='lat' dir='ltr'>et</span> <span class='ocrx_word' id='word_1_111' title='bbox 1031 1368 1130 1450; x_wconf 83' lang='lat' dir='ltr'>rebus,</span> 
     </span>
     <span class='ocr_line' id='line_1_15' title="bbox 117 1452 1131 1536; baseline 0.009 -26"><span class='ocrx_word' id='word_1_112' title='bbox 117 1454 267 1514; x_wconf 86' lang='lat' dir='ltr'>interdum</span> <span class='ocrx_word' id='word_1_113' title='bbox 295 1455 402 1536; x_wconf 89' lang='lat' dir='ltr'>habeo,</span> <span class='ocrx_word' id='word_1_114' title='bbox 431 1455 482 1515; x_wconf 92' lang='lat' dir='ltr'>sed</span> <span class='ocrx_word' id='word_1_115' title='bbox 511 1457 637 1515; x_wconf 85' lang='lat' dir='ltr'>maxime</span> <span class='ocrx_word' id='word_1_116' title='bbox 663 1452 794 1533; x_wconf 88' lang='lat' dir='ltr'>probatis</span> <span class='ocrx_word' id='word_1_117' title='bbox 818 1461 895 1514; x_wconf 92' lang='lat' dir='ltr'>utor.</span> <span class='ocrx_word' id='word_1_118' title='bbox 941 1454 1003 1515; x_wconf 91' lang='lat' dir='ltr'>Nec</span> <span class='ocrx_word' id='word_1_119' title='bbox 1027 1459 1131 1536; x_wconf 84' lang='lat' dir='ltr'>utique</span> 
     </span>
     <span class='ocr_line' id='line_1_16' title="bbox 117 1541 1163 1624; baseline 0.001 -25"><span class='ocrx_word' id='word_1_120' title='bbox 117 1541 241 1602; x_wconf 88' lang='lat' dir='ltr'>adfrrmo</span> <span class='ocrx_word' id='word_1_121' title='bbox 265 1562 324 1604; x_wconf 91' lang='lat' dir='ltr'>non</span> <span class='ocrx_word' id='word_1_122' title='bbox 347 1562 434 1623; x_wconf 92' lang='lat' dir='ltr'>posse</span> <span class='ocrx_word' id='word_1_123' title='bbox 459 1553 488 1604; x_wconf 91' lang='lat' dir='ltr'>et</span> <span class='ocrx_word' id='word_1_124' title='bbox 512 1544 584 1604; x_wconf 90' lang='lat' dir='ltr'>alios</span> <span class='ocrx_word' id='word_1_125' title='bbox 608 1542 710 1602; x_wconf 88' lang='lat' dir='ltr'>eadem</span> <span class='ocrx_word' id='word_1_126' title='bbox 730 1541 850 1622; x_wconf 83' lang='lat' dir='ltr'>hahere,</span> <span class='ocrx_word' id='word_1_127' title='bbox 874 1560 941 1602; x_wconf 94' lang='lat' dir='ltr'>nam</span> <span class='ocrx_word' id='word_1_128' title='bbox 960 1551 990 1604; x_wconf 83' lang='lat' dir='ltr'>et</span> <span class='ocrx_word' id='word_1_129' title='bbox 1009 1547 1076 1624; x_wconf 89' lang='lat' dir='ltr'>ipse</span> <span class='ocrx_word' id='word_1_130' title='bbox 1095 1545 1163 1606; x_wconf 85' lang='lat' dir='ltr'>abu</span> 
     </span>
     <span class='ocr_line' id='line_1_17' title="bbox 117 1629 1132 1713; baseline 0.006 -24"><span class='ocrx_word' id='word_1_131' title='bbox 117 1629 182 1689; x_wconf 91' lang='lat' dir='ltr'>aliis</span> <span class='ocrx_word' id='word_1_132' title='bbox 202 1633 312 1712; x_wconf 80' lang='lat' dir='ltr'>accepi,</span> <span class='ocrx_word' id='word_1_133' title='bbox 333 1633 385 1693; x_wconf 92' lang='lat' dir='ltr'>sed</span> <span class='ocrx_word' id='word_1_134' title='bbox 404 1650 472 1692; x_wconf 89' lang='lat' dir='ltr'>raro</span> <span class='ocrx_word' id='word_1_135' title='bbox 492 1634 553 1691; x_wconf 85' lang='lat' dir='ltr'>scio</span> <span class='ocrx_word' id='word_1_136' title='bbox 573 1629 772 1691; x_wconf 89' lang='lat' dir='ltr'>oculariorum</span> <span class='ocrx_word' id='word_1_137' title='bbox 792 1631 936 1710; x_wconf 86' lang='lat' dir='ltr'>quosdam</span> <span class='ocrx_word' id='word_1_138' title='bbox 955 1633 1132 1713; x_wconf 90' lang='lat' dir='ltr'>simpliciter</span> 
     </span>
     <span class='ocr_line' id='line_1_18' title="bbox 118 1719 1131 1799; baseline 0.006 -21"><span class='ocrx_word' id='word_1_139' title='bbox 118 1719 235 1779; x_wconf 90' lang='lat' dir='ltr'>tradere</span> <span class='ocrx_word' id='word_1_140' title='bbox 260 1721 480 1799; x_wconf 85' lang='lat' dir='ltr'>conpositiones</span> <span class='ocrx_word' id='word_1_141' title='bbox 503 1737 610 1798; x_wconf 90' lang='lat' dir='ltr'>meque</span> <span class='ocrx_word' id='word_1_142' title='bbox 633 1719 759 1780; x_wconf 91' lang='lat' dir='ltr'>multum</span> <span class='ocrx_word' id='word_1_143' title='bbox 784 1719 965 1799; x_wconf 89' lang='lat' dir='ltr'>elaborasse,</span> <span class='ocrx_word' id='word_1_144' title='bbox 990 1729 1024 1783; x_wconf 90' lang='lat' dir='ltr'>ut</span> <span class='ocrx_word' id='word_1_145' title='bbox 1049 1742 1131 1784; x_wconf 89' lang='lat' dir='ltr'>veras</span> 
     </span>
     <span class='ocr_line' id='line_1_19' title="bbox 119 1807 1130 1888; baseline 0.006 -21"><span class='ocrx_word' id='word_1_146' title='bbox 119 1816 148 1867; x_wconf 89' lang='lat' dir='ltr'>et</span> <span class='ocrx_word' id='word_1_147' title='bbox 170 1810 360 1888; x_wconf 84' lang='lat' dir='ltr'>incorruptas</span> <span class='ocrx_word' id='word_1_148' title='bbox 382 1810 556 1888; x_wconf 84' lang='lat' dir='ltr'>acciperem,</span> <span class='ocrx_word' id='word_1_149' title='bbox 575 1811 713 1869; x_wconf 87' lang='lat' dir='ltr'>conscius</span> <span class='ocrx_word' id='word_1_150' title='bbox 732 1827 798 1869; x_wconf 91' lang='lat' dir='ltr'>sum</span> <span class='ocrx_word' id='word_1_151' title='bbox 818 1808 898 1869; x_wconf 89' lang='lat' dir='ltr'>mihi.</span> <span class='ocrx_word' id='word_1_152' title='bbox 935 1807 1039 1888; x_wconf 85' lang='lat' dir='ltr'>Neque</span> <span class='ocrx_word' id='word_1_153' title='bbox 1059 1811 1130 1872; x_wconf 88' lang='lat' dir='ltr'>illud</span> 
     </span>
     <span class='ocr_line' id='line_1_20' title="bbox 117 1897 1130 1979; baseline 0.006 -24"><span class='ocrx_word' id='word_1_154' title='bbox 117 1915 222 1958; x_wconf 90' lang='lat' dir='ltr'>rursus</span> <span class='ocrx_word' id='word_1_155' title='bbox 251 1897 331 1979; x_wconf 82' lang='lat' dir='ltr'>dico,</span> <span class='ocrx_word' id='word_1_156' title='bbox 359 1914 449 1956; x_wconf 86' lang='lat' dir='ltr'>noras</span> <span class='ocrx_word' id='word_1_157' title='bbox 477 1915 580 1956; x_wconf 88' lang='lat' dir='ltr'>omnes</span> <span class='ocrx_word' id='word_1_158' title='bbox 607 1905 637 1957; x_wconf 87' lang='lat' dir='ltr'>et</span> <span class='ocrx_word' id='word_1_159' title='bbox 664 1916 725 1957; x_wconf 89' lang='lat' dir='ltr'>nou</span> <span class='ocrx_word' id='word_1_160' title='bbox 748 1897 896 1976; x_wconf 91' lang='lat' dir='ltr'>aliquibus</span> <span class='ocrx_word' id='word_1_161' title='bbox 919 1906 1004 1958; x_wconf 90' lang='lat' dir='ltr'>notas</span> <span class='ocrx_word' id='word_1_162' title='bbox 1028 1903 1130 1961; x_wconf 91' lang='lat' dir='ltr'>mein</span> 
     </span>
     <span class='ocr_line' id='line_1_21' title="bbox 116 1983 1162 2067; baseline 0.008 -25"><span class='ocrx_word' id='word_1_163' title='bbox 116 1983 172 2044; x_wconf 87' lang='lat' dir='ltr'>hoc</span> <span class='ocrx_word' id='word_1_164' title='bbox 201 1984 277 2045; x_wconf 93' lang='lat' dir='ltr'>libro</span> <span class='ocrx_word' id='word_1_165' title='bbox 306 1993 518 2064; x_wconf 86' lang='lat' dir='ltr'>congestorum</span> <span class='ocrx_word' id='word_1_166' title='bbox 541 1988 775 2066; x_wconf 82' lang='lat' dir='ltr'>conpositiones,</span> <span class='ocrx_word' id='word_1_167' title='bbox 804 2004 906 2046; x_wconf 89' lang='lat' dir='ltr'>verum</span> <span class='ocrx_word' id='word_1_168' title='bbox 930 1989 1020 2047; x_wconf 90' lang='lat' dir='ltr'>etiam</span> <span class='ocrx_word' id='word_1_169' title='bbox 1043 2000 1162 2067; x_wconf 71' lang='lat' dir='ltr'>quas-2⁰</span> 
     </span>
     <span class='ocr_line' id='line_1_22' title="bbox 117 2072 1130 2155; baseline 0.008 -25"><span class='ocrx_word' id='word_1_170' title='bbox 117 2072 183 2131; x_wconf 86' lang='lat' dir='ltr'>dam</span> <span class='ocrx_word' id='word_1_171' title='bbox 208 2073 338 2152; x_wconf 89' lang='lat' dir='ltr'>vulgatas</span> <span class='ocrx_word' id='word_1_172' title='bbox 361 2082 400 2155; x_wconf 85' lang='lat' dir='ltr'>et,</span> <span class='ocrx_word' id='word_1_173' title='bbox 424 2084 458 2134; x_wconf 86' lang='lat' dir='ltr'>ut</span> <span class='ocrx_word' id='word_1_174' title='bbox 479 2076 520 2134; x_wconf 92' lang='lat' dir='ltr'>ita</span> <span class='ocrx_word' id='word_1_175' title='bbox 539 2074 643 2154; x_wconf 89' lang='lat' dir='ltr'>dicam,</span> <span class='ocrx_word' id='word_1_176' title='bbox 666 2074 840 2154; x_wconf 77' lang='lat' dir='ltr'>publicatas,</span> <span class='ocrx_word' id='word_1_177' title='bbox 876 2073 1032 2137; x_wconf 85' lang='lat' dir='ltr'>Eiusmodi</span> <span class='ocrx_word' id='word_1_178' title='bbox 1050 2079 1130 2138; x_wconf 89' lang='lat' dir='ltr'>euim</span> 
     </span>
     <span class='ocr_line' id='line_1_23' title="bbox 116 2160 1128 2243; baseline 0.007 -23"><span class='ocrx_word' id='word_1_179' title='bbox 116 2163 184 2237; x_wconf 86' lang='lat' dir='ltr'>quia</span> <span class='ocrx_word' id='word_1_180' title='bbox 216 2160 353 2222; x_wconf 87' lang='lat' dir='ltr'>efficaces</span> <span class='ocrx_word' id='word_1_181' title='bbox 381 2171 462 2243; x_wconf 89' lang='lat' dir='ltr'>sunt,</span> <span class='ocrx_word' id='word_1_182' title='bbox 495 2164 583 2223; x_wconf 92' lang='lat' dir='ltr'>etiam</span> <span class='ocrx_word' id='word_1_183' title='bbox 611 2163 749 2242; x_wconf 89' lang='lat' dir='ltr'>plurimis</span> <span class='ocrx_word' id='word_1_184' title='bbox 775 2165 807 2223; x_wconf 92' lang='lat' dir='ltr'>iu</span> <span class='ocrx_word' id='word_1_185' title='bbox 834 2165 969 2224; x_wconf 82' lang='lat' dir='ltr'>notitiam</span> <span class='ocrx_word' id='word_1_186' title='bbox 997 2168 1128 2227; x_wconf 85' lang='lat' dir='ltr'>veniunt</span> 
     </span>
     <span class='ocr_line' id='line_1_24' title="bbox 64 2247 1128 2327; baseline 0.003 -15"><span class='ocrx_word' id='word_1_187' title='bbox 64 2262 97 2312; x_wconf 85' lang='lat'>18</span> <span class='ocrx_word' id='word_1_188' title='bbox 117 2247 275 2327; x_wconf 75' lang='lat' dir='ltr'>Collyrium</span> <span class='ocrx_word' id='word_1_189' title='bbox 295 2252 532 2312; x_wconf 81' lang='lat' dir='ltr'>efficacissimum</span> <span class='ocrx_word' id='word_1_190' title='bbox 551 2251 587 2311; x_wconf 91' lang='lat' dir='ltr'>ad</span> <span class='ocrx_word' id='word_1_191' title='bbox 606 2260 753 2313; x_wconf 90' lang='lat' dir='ltr'>tumorem</span> <span class='ocrx_word' id='word_1_192' title='bbox 773 2251 926 2313; x_wconf 90' lang='lat' dir='ltr'>oculorum</span> <span class='ocrx_word' id='word_1_193' title='bbox 946 2261 976 2313; x_wconf 85' lang='lat' dir='ltr'>et</span> <span class='ocrx_word' id='word_1_194' title='bbox 995 2252 1128 2315; x_wconf 91' lang='lat' dir='ltr'>lacrima·</span> 
     </span>
     <span class='ocr_line' id='line_1_25' title="bbox 116 2340 1129 2421; baseline 0.008 -26"><span class='ocrx_word' id='word_1_195' title='bbox 116 2354 183 2396; x_wconf 92' lang='lat' dir='ltr'>rum</span> <span class='ocrx_word' id='word_1_196' title='bbox 207 2340 331 2400; x_wconf 90' lang='lat' dir='ltr'>nimium</span> <span class='ocrx_word' id='word_1_197' title='bbox 354 2340 492 2421; x_wconf 87' lang='lat' dir='ltr'>fluorem,</span> <span class='ocrx_word' id='word_1_198' title='bbox 516 2342 604 2401; x_wconf 86' lang='lat' dir='ltr'>etiam</span> <span class='ocrx_word' id='word_1_199' title='bbox 628 2359 717 2419; x_wconf 90' lang='lat' dir='ltr'>supra</span> <span class='ocrx_word' id='word_1_200' title='bbox 740 2349 918 2419; x_wconf 87' lang='lat' dir='ltr'>perunctum</span> <span class='ocrx_word' id='word_1_201' title='bbox 943 2340 998 2402; x_wconf 85' lang='lat' dir='ltr'>vel&#39;</span> <span class='ocrx_word' id='word_1_202' title='bbox 1012 2342 1129 2405; x_wconf 92' lang='lat' dir='ltr'>inlitum</span> 
     </span>
     <span class='ocr_line' id='line_1_26' title="bbox 117 2424 1161 2513; baseline 0.009 -30"><span class='ocrx_word' id='word_1_203' title='bbox 117 2424 220 2485; x_wconf 85' lang='lat' dir='ltr'>efficax</span> <span class='ocrx_word' id='word_1_204' title='bbox 244 2436 302 2509; x_wconf 89' lang='lat' dir='ltr'>est,</span> <span class='ocrx_word' id='word_1_205' title='bbox 327 2430 447 2508; x_wconf 90' lang='lat' dir='ltr'>accipit:</span> <span class='ocrx_word' id='word_1_206' title='bbox 472 2431 595 2490; x_wconf 83' lang='lat' dir='ltr'>Acaciae</span> <span class='ocrx_word' id='word_1_207' title='bbox 620 2428 740 2509; x_wconf 72' lang='lat' dir='ltr'>xxvi,</span> <span class='ocrx_word' id='word_1_208' title='bbox 764 2430 895 2491; x_wconf 91' lang='lat' dir='ltr'>cadmiae</span> <span class='ocrx_word' id='word_1_209' title='bbox 914 2429 939 2490; x_wconf 70' lang='lat' dir='ltr'>h</span> <span class='ocrx_word' id='word_1_210' title='bbox 958 2429 1026 2513; x_wconf 78' lang='grc' dir='ltr'>ΧΠ,</span> <span class='ocrx_word' id='word_1_211' title='bbox 1049 2432 1161 2493; x_wconf 77' lang='lat' dir='ltr'>eloesu</span> 
     </span>
     <span class='ocr_line' id='line_1_27' title="bbox 117 2512 1129 2601; baseline 0.01 -30"><span class='ocrx_word' id='word_1_212' title='bbox 117 2512 199 2595; x_wconf 77' lang='lat' dir='ltr'>llll,</span> <span class='ocrx_word' id='word_1_213' title='bbox 224 2520 313 2598; x_wconf 87' lang='lat' dir='ltr'>croci,</span> <span class='ocrx_word' id='word_1_214' title='bbox 337 2536 461 2598; x_wconf 76' lang='lat' dir='ltr'>myrrae,</span> <span class='ocrx_word' id='word_1_215' title='bbox 485 2521 546 2598; x_wconf 95' lang='lat' dir='ltr'>opii</span> <span class='ocrx_word' id='word_1_216' title='bbox 569 2518 647 2598; x_wconf 85' lang='lat' dir='ltr'>lecti,</span> <span class='ocrx_word' id='word_1_217' title='bbox 672 2517 856 2596; x_wconf 84' lang='lat' dir='ltr'>singulorum</span> <span class='ocrx_word' id='word_1_218' title='bbox 878 2518 1016 2579; x_wconf 87' lang='lat' dir='ltr'>denarios</span> <span class='ocrx_word' id='word_1_219' title='bbox 1035 2519 1129 2601; x_wconf 82' lang='lat' dir='ltr'>binos,</span> 
     </span>
     <span class='ocr_line' id='line_1_28' title="bbox 118 2605 1130 2686; baseline 0.009 -25"><span class='ocrx_word' id='word_1_220' title='bbox 118 2606 245 2664; x_wconf 84' lang='lat' dir='ltr'>castorei</span> <span class='ocrx_word' id='word_1_221' title='bbox 267 2605 292 2665; x_wconf 82' lang='lat' dir='ltr'>li</span> <span class='ocrx_word' id='word_1_222' title='bbox 317 2607 345 2686; x_wconf 71' lang='lat'>1,</span> <span class='ocrx_word' id='word_1_223' title='bbox 369 2609 495 2668; x_wconf 85' lang='lat' dir='ltr'>cummis</span> <span class='ocrx_word' id='word_1_224' title='bbox 519 2607 544 2666; x_wconf 68' lang='grc' dir='ltr'>Χ</span> <span class='ocrx_word' id='word_1_225' title='bbox 568 2605 645 2686; x_wconf 80' lang='lat' dir='ltr'>Vlll3</span> <span class='ocrx_word' id='word_1_226' title='bbox 676 2614 815 2667; x_wconf 86' lang='lat' dir='ltr'>teruntur</span> <span class='ocrx_word' id='word_1_227' title='bbox 842 2606 915 2668; x_wconf 91' lang='lat' dir='ltr'>haec</span> <span class='ocrx_word' id='word_1_228' title='bbox 943 2610 1043 2669; x_wconf 90' lang='lat' dir='ltr'>omnia</span> <span class='ocrx_word' id='word_1_229' title='bbox 1067 2609 1130 2670; x_wconf 88' lang='lat' dir='ltr'>dili·</span> 
     </span>
     <span class='ocr_line' id='line_1_29' title="bbox 116 2695 1130 2778; baseline 0.007 -27"><span class='ocrx_word' id='word_1_230' title='bbox 116 2700 220 2769; x_wconf 82' lang='lat' dir='ltr'>genter</span> <span class='ocrx_word' id='word_1_231' title='bbox 244 2704 273 2754; x_wconf 89' lang='lat' dir='ltr'>et</span> <span class='ocrx_word' id='word_1_232' title='bbox 296 2714 332 2755; x_wconf 85' lang='lat' dir='ltr'>ex</span> <span class='ocrx_word' id='word_1_233' title='bbox 354 2714 428 2774; x_wconf 88' lang='lat' dir='ltr'>aqua</span> <span class='ocrx_word' id='word_1_234' title='bbox 447 2696 668 2773; x_wconf 90' lang='lat' dir='ltr'>permiscentur</span> <span class='ocrx_word' id='word_1_235' title='bbox 690 2702 779 2773; x_wconf 91' lang='lat' dir='ltr'>atque</span> <span class='ocrx_word' id='word_1_236' title='bbox 802 2695 871 2756; x_wconf 91' lang='lat' dir='ltr'>inde</span> <span class='ocrx_word' id='word_1_237' title='bbox 891 2697 990 2756; x_wconf 90' lang='lat' dir='ltr'>statim</span> <span class='ocrx_word' id='word_1_238' title='bbox 1009 2697 1130 2778; x_wconf 79' lang='lat' dir='ltr'>collyria</span> 
     </span>
     <span class='ocr_line' id='line_1_30' title="bbox 64 2781 1129 2867; baseline 0.003 -23"><span class='ocrx_word' id='word_1_239' title='bbox 64 2795 96 2844; x_wconf 81' lang='lat'>19</span> <span class='ocrx_word' id='word_1_240' title='bbox 116 2781 282 2844; x_wconf 79' lang='lat' dir='ltr'>formantur</span> <span class='ocrx_word' id='word_1_241' title='bbox 305 2803 341 2844; x_wconf 85' lang='lat' dir='ltr'>ex</span> <span class='ocrx_word' id='word_1_242' title='bbox 362 2803 445 2864; x_wconf 89' lang='lat' dir='ltr'>aqua,</span> <span class='ocrx_word' id='word_1_243' title='bbox 471 2803 544 2864; x_wconf 92' lang='lat' dir='ltr'>quae</span> <span class='ocrx_word' id='word_1_244' title='bbox 564 2793 633 2844; x_wconf 90' lang='lat' dir='ltr'>sunt</span> <span class='ocrx_word' id='word_1_245' title='bbox 652 2785 771 2843; x_wconf 90' lang='lat' dir='ltr'>omnino</span> <span class='ocrx_word' id='word_1_246' title='bbox 791 2785 923 2845; x_wconf 85' lang='lat' dir='ltr'>mirifica.</span> <span class='ocrx_word' id='word_1_247' title='bbox 960 2782 1129 2867; x_wconf 80' lang='lat' dir='ltr'>Xerocolly·</span> 
     </span>
     <span class='ocr_line' id='line_1_31' title="bbox 115 2872 1161 2953; baseline 0.007 -23"><span class='ocrx_word' id='word_1_248' title='bbox 115 2872 193 2932; x_wconf 93' lang='lat' dir='ltr'>rium</span> <span class='ocrx_word' id='word_1_249' title='bbox 221 2875 366 2949; x_wconf 89' lang='lat' dir='ltr'>optimum</span> <span class='ocrx_word' id='word_1_250' title='bbox 393 2874 429 2934; x_wconf 91' lang='lat' dir='ltr'>ad</span> <span class='ocrx_word' id='word_1_251' title='bbox 458 2873 616 2952; x_wconf 89' lang='lat' dir='ltr'>epiphoras</span> <span class='ocrx_word' id='word_1_252' title='bbox 644 2889 728 2933; x_wconf 85' lang='lat' dir='ltr'>aeres</span> <span class='ocrx_word' id='word_1_253' title='bbox 757 2879 786 2932; x_wconf 90' lang='lat' dir='ltr'>et</span> <span class='ocrx_word' id='word_1_254' title='bbox 814 2874 897 2933; x_wconf 90' lang='lat' dir='ltr'>initia</span> <span class='ocrx_word' id='word_1_255' title='bbox 929 2872 1161 2953; x_wconf 80' lang='lat' dir='ltr'>lippitudintszo</span> 
     </span>
     <span class='ocr_line' id='line_1_32' title="bbox 116 2953 1131 3048; baseline 0.005 -30"><span class='ocrx_word' id='word_1_256' title='bbox 116 2958 201 3020; x_wconf 84' lang='lat' dir='ltr'>Croci</span> <span class='ocrx_word' id='word_1_257' title='bbox 222 2955 261 3048; x_wconf 52' lang='lat' dir='ltr'>y·</span> <span class='ocrx_word' id='word_1_258' title='bbox 281 2961 319 3043; x_wconf 90' lang='lat' dir='ltr'>ll,</span> <span class='ocrx_word' id='word_1_259' title='bbox 344 2961 522 3023; x_wconf 88' lang='lat' dir='ltr'>sarcocollac</span> <span class='ocrx_word' id='word_1_260' title='bbox 543 2955 636 3048; x_wconf 47' lang='lat'>211,</span> <span class='ocrx_word' id='word_1_261' title='bbox 658 2959 737 3022; x_wconf 88' lang='lat' dir='ltr'>aloes</span> <span class='ocrx_word' id='word_1_262' title='bbox 756 2961 913 3040; x_wconf 88' lang='lat' dir='ltr'>epatitidos</span> <span class='ocrx_word' id='word_1_263' title='bbox 933 2953 973 3047; x_wconf 50' lang='lat'>19·</span> <span class='ocrx_word' id='word_1_264' title='bbox 992 2961 1015 3044; x_wconf 84' lang='lat'>1,</span> <span class='ocrx_word' id='word_1_265' title='bbox 1035 2964 1131 3042; x_wconf 85' lang='lat' dir='ltr'>glauci</span> 
     </span>
     <span class='ocr_line' id='line_1_33' title="bbox 116 3038 1131 3132; baseline 0.007 -25"><span class='ocrx_word' id='word_1_266' title='bbox 116 3038 155 3130; x_wconf 55' lang='lat'>9·</span> <span class='ocrx_word' id='word_1_267' title='bbox 171 3048 191 3108; x_wconf 88' lang='lat'>1.</span> <span class='ocrx_word' id='word_1_268' title='bbox 228 3050 308 3110; x_wconf 88' lang='lat' dir='ltr'>Haec</span> <span class='ocrx_word' id='word_1_269' title='bbox 327 3054 424 3112; x_wconf 93' lang='lat' dir='ltr'>omnia</span> <span class='ocrx_word' id='word_1_270' title='bbox 443 3051 601 3130; x_wconf 82' lang='lat' dir='ltr'>diligenter</span> <span class='ocrx_word' id='word_1_271' title='bbox 622 3053 691 3112; x_wconf 90' lang='lat' dir='ltr'>trita</span> <span class='ocrx_word' id='word_1_272' title='bbox 711 3049 800 3110; x_wconf 91' lang='lat' dir='ltr'>simul</span> <span class='ocrx_word' id='word_1_273' title='bbox 818 3050 963 3111; x_wconf 85' lang='lat' dir='ltr'>recondes</span> <span class='ocrx_word' id='word_1_274' title='bbox 977 3052 1009 3112; x_wconf 91' lang='lat' dir='ltr'>in</span> <span class='ocrx_word' id='word_1_275' title='bbox 1023 3053 1131 3132; x_wconf 76' lang='lat' dir='ltr'>pyxide</span> 
     </span>
     <span class='ocr_line' id='line_1_34' title="bbox 116 3138 1132 3222; baseline 0.009 -29"><span class='ocrx_word' id='word_1_276' title='bbox 116 3152 225 3213; x_wconf 89' lang='lat' dir='ltr'>cuprea</span> <span class='ocrx_word' id='word_1_277' title='bbox 244 3148 274 3197; x_wconf 91' lang='lat' dir='ltr'>et</span> <span class='ocrx_word' id='word_1_278' title='bbox 292 3156 347 3216; x_wconf 93' lang='lat' dir='ltr'>pro</span> <span class='ocrx_word' id='word_1_279' title='bbox 367 3139 560 3220; x_wconf 76' lang='lat' dir='ltr'>xerocollyrio</span> <span class='ocrx_word' id='word_1_280' title='bbox 580 3142 682 3200; x_wconf 89' lang='lat' dir='ltr'>uteris.</span> <span class='ocrx_word' id='word_1_281' title='bbox 720 3138 767 3199; x_wconf 81' lang='lat' dir='ltr'>Ad</span> <span class='ocrx_word' id='word_1_282' title='bbox 791 3140 988 3219; x_wconf 89' lang='lat' dir='ltr'>epiphoras</span> <span class='ocrx_word' id='word_1_283' title='bbox 1007 3149 1044 3201; x_wconf 91' lang='lat' dir='ltr'>et</span> <span class='ocrx_word' id='word_1_284' title='bbox 1062 3140 1132 3222; x_wconf 93' lang='lat' dir='ltr'>lip-</span> 
     </span>
     <span class='ocr_line' id='line_1_35' title="bbox 115 3224 1134 3308; baseline 0.009 -25"><span class='ocrx_word' id='word_1_285' title='bbox 115 3224 302 3299; x_wconf 89' lang='lat' dir='ltr'>pitudines</span> <span class='ocrx_word' id='word_1_286' title='bbox 336 3227 523 3288; x_wconf 84' lang='lat' dir='ltr'>oculorum</span> <span class='ocrx_word' id='word_1_287' title='bbox 556 3227 714 3288; x_wconf 87' lang='lat' dir='ltr'>remedia</span> <span class='ocrx_word' id='word_1_288' title='bbox 746 3227 788 3288; x_wconf 92' lang='lat' dir='ltr'>de</span> <span class='ocrx_word' id='word_1_289' title='bbox 817 3230 1134 3308; x_wconf 70' lang='lat' dir='ltr'>experimentoet</span> 
     </span>
    </p>
   </div>
   <div class='ocr_carea' id='block_1_3' title="bbox 116 3429 1132 3570">
    <p class='ocr_par' dir='ltr' id='par_1_3' title="bbox 116 3429 1132 3570">
     <span class='ocr_line' id='line_1_36' title="bbox 186 3429 1132 3504; baseline 0.01 -22"><span class='ocrx_word' id='word_1_290' title='bbox 186 3431 269 3483; x_wconf 74' lang='lat' dir='ltr'>haul</span> <span class='ocrx_word' id='word_1_291' title='bbox 287 3429 411 3485; x_wconf 79' lang='lat' dir='ltr'>triduum</span> <span class='ocrx_word' id='word_1_292' title='bbox 430 3448 480 3487; x_wconf 88' lang='lat' dir='ltr'>om.</span> <span class='ocrx_word' id='word_1_293' title='bbox 526 3436 559 3486; x_wconf 87' lang='lat'>14</span> <span class='ocrx_word' id='word_1_294' title='bbox 578 3431 654 3504; x_wconf 75' lang='lat' dir='ltr'>utor]</span> <span class='ocrx_word' id='word_1_295' title='bbox 672 3447 748 3488; x_wconf 87' lang='lat' dir='ltr'>ueor.</span> <span class='ocrx_word' id='word_1_296' title='bbox 795 3438 829 3487; x_wconf 77' lang='lat'>22</span> <span class='ocrx_word' id='word_1_297' title='bbox 848 3432 970 3504; x_wconf 88' lang='lat' dir='ltr'>plurimi.</span> <span class='ocrx_word' id='word_1_298' title='bbox 1011 3436 1132 3492; x_wconf 80' lang='lat' dir='ltr'>notiam.</span> 
     </span>
     <span class='ocr_line' id='line_1_37' title="bbox 116 3500 395 3570; baseline 0.018 -17"><span class='ocrx_word' id='word_1_299' title='bbox 116 3505 149 3554; x_wconf 77' lang='lat'>29</span> <span class='ocrx_word' id='word_1_300' title='bbox 169 3500 395 3570; x_wconf 77' lang='lat' dir='ltr'>Xyrocollirium.</span> 
     </span>
    </p>
   </div>
   <div class='ocr_carea' id='block_1_4' title="bbox 0 0 1216 3878">
    <p class='ocr_par' dir='ltr' id='par_1_4' title="bbox 0 0 1216 3878">
     <span class='ocr_line' id='line_1_38' title="bbox 0 0 1216 3878; baseline 0 0"><span class='ocrx_word' id='word_1_301' title='bbox 0 0 1216 3878; x_wconf 95' lang='lat' dir='ltr'> </span> 
     </span>
    </p>
   </div>
  </div>
 </body>
</html>
