2452 3878
511 121 726 186 ..73-

107 302 176 344 cum
206 283 300 344 farina
327 284 411 343 tenui
439 285 583 344 miscetur
611 302 644 344 ac
673 283 839 344 diutissime
871 285 992 365 teritur,
1020 293 1123 363 postea

106 373 236 433 adicitur
254 371 350 432 mellis
373 371 541 450 despumati
564 371 674 451 aliquid
699 391 732 433 ac
756 374 825 454 vini,
850 381 883 434 ut
901 372 1044 452 liquidius
1063 373 1122 455 fiat,

104 469 246 541 potenter
273 460 342 520 inde
370 462 557 540 inunguntur
584 459 663 521 oculi
691 461 815 540 caligine
839 460 1016 522 laborantes.
1062 462 1122 522 llos
1141 475 1173 526 81

104 556 287 610 nocturnum
321 547 442 627 colliges
469 550 647 609 nitidissime
675 552 706 609 in
734 557 818 628 prato
847 557 877 610 et
905 552 935 609 in
964 550 1122 629 ampullam

76 640 207 702 omittes
231 645 318 716 atque
339 637 448 697 adicies
467 637 527 697 illic
547 636 641 698 mellis
660 638 751 699 Attici
765 630 805 724 ,Q
821 636 874 698 Xll
894 646 924 698 et
943 638 1123 717 opobalsami
1215 683 1223 700 ,

104 719 147 812 2·
172 724 209 784 Vl
232 744 266 786 ac
290 727 403 804 pariter
425 733 586 804 utrumque
612 726 750 787 miscebis
774 737 803 787 et
827 730 869 787 sic
893 730 987 787 uteris
1010 728 1045 787 ad
1069 747 1121 788 un·

104 814 235 893 gendum
260 813 305 873 vel
329 813 587 894 superlinendum,
619 817 728 875 mirum
756 816 921 876 remedium
950 818 1121 894 experieris.

105 903 218 963 Susum
253 905 417 963 vettonicae
453 905 661 963 tenuissimum
689 903 783 964 oculis
811 905 947 983 infunde,
980 904 1121 965 clariores
1140 917 1174 966 88

104 1009 156 1052 eos
191 991 281 1051 facies
312 1000 341 1051 et
368 993 558 1070 inportunam
586 990 774 1052 lacrimarum
810 991 1037 1054 destillationem
1065 995 1123 1054 cito

65 1105 90 1144 ro
104 1078 243 1140 siccabis,
289 1078 340 1138 fel
364 1079 468 1139 cameli
492 1079 586 1140 solum
610 1099 666 1159 per
689 1099 720 1140 se
745 1081 835 1141 fronti
858 1081 976 1141 inlitum
999 1080 1122 1161 prodest
1140 1095 1174 1144 83

104 1169 264 1228 adversum
293 1167 461 1248 caliginem,
490 1168 542 1228 sed
566 1186 603 1228 ne
633 1171 753 1229 omnino
782 1169 936 1250 lippiatur,
965 1170 1122 1232 decoctum

103 1274 173 1317 curn
204 1254 299 1316 mellis
323 1258 425 1334 optimi
450 1257 562 1335 cyathis
586 1256 682 1317 tribus
707 1265 736 1318 et
760 1261 840 1318 croci
864 1261 951 1319 uncia
974 1261 1004 1320 in
1029 1279 1121 1320 unum

103 1344 246 1405 miscebis
280 1352 309 1404 et
342 1347 384 1404 sie
417 1344 611 1405 suffusionem
645 1346 681 1406 ad
709 1346 811 1407 oculos
839 1347 930 1406 facies
959 1347 1003 1406 vel
1033 1350 1122 1408 etiam

103 1432 274 1513 superlines
297 1433 365 1493 inde
390 1432 550 1511 caligantes
574 1441 603 1493 et
627 1433 785 1512 lippientes
809 1434 924 1515 oculos;
950 1435 1007 1495 boc
1031 1436 1122 1496 medi·

64 1524 221 1587 ncamine
251 1523 338 1581 etiam
368 1531 574 1582 excrescentes
605 1540 709 1582 carues
737 1525 768 1581 iu
797 1521 891 1582 oculis
915 1531 945 1582 et
968 1525 1122 1583 cicatrices

103 1617 258 1670 curantur.
304 1609 347 1669 Ad
377 1608 517 1688 caligines
542 1610 696 1670 oculorum
719 1610 914 1689 detergendas
939 1611 1119 1672 medicamen
1140 1625 1174 1674 84

102 1697 188 1758 valde
213 1697 330 1758 efficax:
353 1697 448 1758 Rosae
468 1700 563 1758 siccae
582 1717 699 1777 pugnos
718 1699 793 1760 duos
811 1699 915 1777 plenos
935 1718 1002 1759 cum
1022 1700 1121 1760 radice

103 1785 227 1847 feniculi
257 1785 415 1863 diligenter
443 1788 562 1865 purgati
593 1796 623 1846 et
651 1788 712 1848 feni
740 1789 839 1865 graeci
868 1806 1001 1866 pugnum
1029 1806 1121 1848 unum

103 1875 228 1954 plenum
247 1876 277 1934 in
298 1874 384 1934 ollam
403 1893 507 1935 novam
527 1877 628 1935 mittes
647 1883 677 1936 et
691 1875 813 1937 decocta
827 1879 922 1954 prima
937 1895 1012 1956 aqua
1031 1876 1121 1937 effusa

63 1988 89 2028 ao
104 1965 148 2024 sic
168 1970 272 2042 postea
291 1963 449 2043 demones,
473 1973 507 2023 ut
525 1966 698 2044 spissescat3
718 1965 825 2025 deinde
844 1965 939 2025 mellis
959 1966 1050 2026 Attici
1067 1984 1121 2025 un-

102 2054 181 2112 ciam
210 2053 403 2129 supermittes
432 2059 461 2112 et
488 2054 601 2131 piperis
629 2052 792 2131 scripulum
822 2052 896 2113 bene
926 2055 1001 2136 triti,
1031 2053 1121 2114 addes

103 2142 191 2200 etiam
217 2141 297 2217 passi
319 2138 428 2199 Cretici
452 2139 643 2221 aliquantum,
667 2150 700 2201 ut
722 2140 866 2221 liquidius
890 2143 988 2222 facias,
1014 2143 1121 2203 deinde

102 2246 158 2307 per
186 2226 340 2288 linteolum
374 2227 533 2290 delicatum
566 2229 676 2290 oolabis
709 2237 739 2290 et
775 2231 811 2290 ad
849 2231 1042 2291 suffusionem
1076 2232 1120 2291 vel

103 2316 362 2396 superlinitionem
377 2316 533 2377 oculorum
547 2320 650 2378 uteris.
688 2317 821 2379 Perdicis
838 2319 877 2379 fel
896 2321 1020 2380 mixtum
1040 2318 1120 2380 melli
1139 2330 1172 2380 85

63 2429 89 2469 ss
102 2407 202 2465 Attico
222 2403 377 2483 caliginem
393 2404 477 2485 tollit,
497 2407 522 2465 si
537 2407 630 2466 oculis
645 2407 768 2467 adsidue
782 2408 965 2487 infundatur,
985 2408 1036 2468 sed
1052 2426 1119 2468 cum

102 2493 192 2552 modo
217 2501 248 2552 et
271 2493 385 2571 aequali
408 2511 556 2555 mensura.
603 2495 725 2574 Aquilae
749 2496 787 2556 fel
811 2514 878 2557 cum
903 2495 989 2556 melle
1013 2497 1119 2574 Attico,
1138 2508 1172 2557 88

102 2599 203 2660 myrra
231 2599 299 2642 vera
329 2589 358 2642 et
386 2584 464 2642 uitro
493 2582 558 2643 albo
587 2584 711 2662 siugulis
739 2587 835 2645 unciis
867 2587 992 2644 mixtum
1025 2584 1119 2646 oculis

101 2672 248 2730 visionem
277 2673 475 2730 acutissimam
504 2680 647 2749 praestat,
676 2675 702 2732 si
729 2691 797 2733 cum
826 2672 913 2732 modo
936 2672 1118 2733 infundatur.

101 2757 140 2818 Ut
159 2760 223 2818 acie
243 2760 371 2818 certiore
390 2760 500 2819 intueri
520 2762 617 2819 omnia
636 2764 741 2841 possis,
763 2762 837 2822 ficus
855 2759 1010 2819 Africanae
1030 2763 1117 2819 etiam
1137 2774 1170 2823 87

65 2847 212 2910 soveteris
242 2846 401 2907 dummodo
429 2849 640 2925 pinguissimae
669 2849 703 2909 ad
733 2851 832 2927 ignem
860 2847 1016 2908 calefactae
1046 2865 1118 2907 suco

103 2953 246 3013 expresso
276 2937 402 3014 vinoque
434 2934 528 2995 diluto
561 2936 663 2995 oculos
691 2938 816 3016 inunge,
849 2932 1044 3014 gratulaberis
1072 2954 1117 2995 re-

102 3023 209 3085 medio.
256 3021 362 3102 Vipera
392 3026 455 3083 viva
478 3024 607 3083 mittitur
630 3027 661 3083 in
686 3043 734 3084 vas
758 3042 867 3084 novum
891 3021 981 3083 fictile
1006 3033 1035 3085 et
1058 3025 1117 3085 adi·
1136 3039 1170 3088 88

103 3113 182 3172 citur
205 3113 234 3171 ei
258 3114 322 3171 suoi
346 3111 467 3172 feniculi
489 3111 612 3191 cyathus
631 3129 709 3172 unus
728 3119 758 3172 et
776 3115 852 3172 turis
871 3130 996 3190 granum
1015 3133 1117 3195 sunum,

103 3199 209 3260 deinde
230 3218 282 3260 vas
301 3199 459 3261 obturatur
477 3199 579 3279 argilla
599 3208 628 3261 et
647 3199 866 3262 circumlinitur
889 3209 918 3262 et
941 3203 973 3261 in
996 3194 1116 3263 furnum

173 3412 189 3460 2
210 3409 242 3460 ut
261 3405 383 3461 litterula
401 3421 486 3460 eraso
579 3410 595 3459 8
614 3407 768 3464 vetonicae.
862 3414 894 3462 13
913 3406 1043 3461 miscebis
1066 3421 1116 3460 om.

105 3479 137 3529 to
156 3475 326 3545 dequoques.
399 3482 431 3530 81
452 3476 615 3545 gratulubis.
689 3485 724 3533 84
742 3477 911 3534 circumline.
