2422 3878
527 142 770 208 -314-

88 318 123 368 ut
230 304 273 364 [te
302 322 408 365 novem
438 304 602 385 coloribus,
633 307 675 365 ita
702 313 737 366 ut
765 305 810 365 ibi
834 304 934 366 album
960 305 1008 364 rel
1037 308 1165 386 nigrum

142 412 202 454 non
235 395 288 474 sit,
320 394 411 455 iacies
443 412 480 454 ex
507 394 633 471 singulis
660 393 776 472 singula
801 393 850 454 tila
877 402 908 454 et
935 395 1036 453 omnia
1064 399 1100 456 in
1130 415 1164 458 se

141 481 269 543 adunata
296 500 352 544 acu
379 490 519 561 argentea
541 500 597 560 per
618 481 722 542 oculos
745 482 837 543 catuli
858 482 980 560 novelli,
1008 486 1062 560 qui
1085 503 1164 546 non·

141 571 212 631 dum
240 571 333 651 videt,
360 573 493 650 traicies,
521 572 562 630 ita
590 578 624 631 ut
651 589 706 649 per
733 589 823 631 annm
850 574 915 632 eius
942 581 1065 652 exean13
1093 581 1164 634 tum

142 661 205 738 ipsa
233 659 281 720 illa
308 662 340 720 in
368 677 402 719 se
428 667 554 719 connata
577 658 732 738 torquebis
755 668 786 719 et
807 678 863 738 pro
886 659 1005 738 cingulo
1029 660 1068 721 ad
1092 681 1187 723 cor-s

140 766 198 827 pus
222 747 328 809 mediis
349 745 485 826 partibus
508 749 616 827 uteris3
639 747 771 808 catulum
789 766 860 808 sane
879 751 977 808 vivum
997 750 1162 812 confestim

141 839 172 896 in
194 836 305 896 ilumen
328 836 466 914 proicies.

87 937 121 986 ta
229 923 274 983 Ad
301 922 400 984 colum
427 923 592 984 remedium
615 925 771 1003 physicum
794 926 852 985 sic:
884 924 994 985 Canem
1018 925 1057 986 de
1082 934 1161 988 ster-

141 1010 251 1072 culinio
279 1019 330 1072 aut
358 1011 395 1073 de
422 1004 526 1091 aliquo'
549 1012 669 1072 sordido
695 1013 762 1074 loco
791 1015 939 1073 iacentem
967 1014 1099 1092 expellat
1129 1025 1160 1077 et

141 1101 223 1178 luget
247 1101 299 1178 qui
320 1102 452 1179 patietur
474 1099 532 1161 coli
555 1100 673 1162 dolores
692 1110 722 1162 et
740 1104 841 1162 statim
859 1101 920 1161 illic
938 1104 1062 1184 mingat,
1086 1105 1157 1166 ilico
1172 1123 1194 1162 ro

141 1187 361 1250 remediabitur.

85 1289 122 1339 ot
229 1276 353 1339 iniectio
385 1278 421 1338 ad
449 1277 507 1338 coli
534 1278 801 1356 empneumatosim
828 1278 885 1338 sic:
922 1277 988 1338 Olei
1020 1281 1160 1342 anetbini

141 1399 185 1409 —
203 1364 249 1445 Vl,
273 1366 373 1447 butyri
396 1366 519 1427 exsalati
544 1397 582 1410 -
603 1365 652 1446 lll,
676 1365 761 1425 nardi
785 1398 827 1408 —
846 1365 886 1446 ll;
910 1365 983 1427 baec
1007 1372 1159 1445 permixta

140 1463 170 1516 et
194 1455 288 1516 calida
310 1473 365 1534 per
388 1456 546 1536 clysterem
570 1454 779 1515 intunduntur.

86 1553 121 1604 bb
228 1543 273 1604 Ad
301 1544 399 1604 colum
427 1543 591 1604 sanandum
616 1542 747 1602 remedia
770 1542 846 1602 inire
870 1544 982 1621 scripta
1005 1542 1041 1603 de
1066 1544 1193 1607 Prosus

140 1633 229 1693 docbi
256 1632 364 1693 medici
391 1632 531 1693 remediis
559 1630 675 1692 electis:
703 1630 822 1691 Lotium
849 1632 1059 1693 ichneumonis
1087 1653 1158 1695 cum

140 1720 214 1782 lacte
242 1738 348 1781 vaccae
377 1722 478 1799 nigrae
502 1718 585 1780 dabis
608 1722 640 1780 in
662 1722 775 1798 impetu
799 1719 857 1780 coli
878 1720 1056 1800 potandum,
1086 1741 1158 1783 eon-

85 1819 120 1870 tt
141 1812 224 1871 tiuuo
244 1808 411 1870 subvenies.
441 1809 565 1869 iniectio
583 1808 620 1869 ad
639 1807 738 1869 colum
757 1809 813 1868 sie:
837 1807 1066 1888 Golocyntbidas
1081 1810 1158 1872 duas

141 1907 170 1960 ct
198 1906 282 1959 rutae
312 1905 341 1958 et
369 1897 555 1975 laenograeci
582 1904 613 1957 et
640 1896 780 1956 bacarum
807 1896 884 1957 lauri
912 1905 1056 1976 quantum
1081 1903 1157 1960 satis

140 1987 355 2048 ‹sublimaveris
377 1987 409 2046 in
428 2004 503 2065 aqua
522 2004 634 2065 coques
653 1986 704 2046 diu
724 1992 754 2046 et
773 1985 862 2045 addes
882 1985 977 2046 mellis
996 2005 1106 2066 parum
1124 1996 1157 2049 et
1170 2007 1194 2046 no

86 2085 120 2134 tt
140 2077 180 2135 ita
199 2077 305 2136 inicies
324 2074 389 2135 colo
407 2073 599 2135 laborantem.
632 2073 697 2134 Olei
716 2076 829 2135 rutacei
848 2073 1005 2155 heminam,
1024 2075 1157 2154 asphalti

139 2163 251 2224 ludaici
277 2161 398 2242 -llll,
422 2158 550 2224 castorei
575 2161 689 2222 —llll
712 2169 813 2222 tereus
836 2163 1031 2241 permiscebis
1054 2173 1087 2224 et
1111 2169 1156 2227 sic

85 2261 119 2311 tt
139 2251 243 2311 inlcics
267 2250 401 2310 colicum.
435 2249 493 2310 dlii
516 2257 605 2328 caput
627 2258 786 2328 purgatum
809 2252 913 2311 tritum
932 2251 1073 2312 infundes
1092 2256 1156 2332 pici

139 2338 268 2417 liquidae
292 2345 381 2416 atque
404 2339 445 2397 ita
469 2339 582 2418 inicus,
607 2339 706 2398 statim
730 2338 882 2399 sedabitur
905 2338 962 2399 coli
985 2339 1081 2403 dolor.

85 2438 119 2487 tt
228 2426 269 2486 lle
296 2427 499 2504 experimento
523 2426 559 2486 ad
583 2426 694 2488 colum:
726 2426 805 2487 Rubi
828 2427 966 2488 loliorum
990 2436 1099 2491 sucum
1124 2439 1194 2492 etse

139 2516 274 2594 capparis
298 2532 403 2575 sucum
427 2523 478 2576 aut
501 2514 617 2576 rhamni
641 2523 671 2576 et
693 2514 789 2575 mellis
812 2515 987 2577 tantundem
1010 2518 1156 2580 miscebis

139 2612 168 2664 ct
192 2603 275 2666 dubis
297 2603 418 2683 plenum
441 2622 477 2664 ex
501 2622 536 2664 eo
560 2604 693 2665 cocleare
716 2611 767 2664 aut
790 2612 877 2664 nocte
901 2612 952 2666 aut
974 2607 1046 2666 satis
1064 2625 1155 2669 mane

139 2693 231 2754 colico
255 2693 426 2773 potandum.

84 2796 119 2843 oc
227 2782 350 2843 lniectio
369 2781 406 2842 ad
424 2781 523 2842 colum
543 2783 599 2843 sic:
628 2781 732 2860 butyri
753 2779 886 2842 cocleare
907 2800 1008 2863 unum,
1033 2784 1154 2847 cedriae

138 2870 271 2932 cocleare
295 2888 401 2951 uuum,
425 2872 486 2948 opii
510 2878 618 2948 quanta
642 2871 705 2930 ervi
728 2871 767 2930 sit
790 2870 971 2951 magnitudo,
997 2870 1056 2931 olei
1079 2871 1113 2934 P.
1132 2873 1192 2955 l,to

137 2962 168 3019 in
197 2979 254 3039 quo
283 2959 372 3020 bacae
400 2959 477 3020 lauri
499 2957 549 3018 XV
573 2966 680 3019 tunsae
708 2967 738 3019 et
761 2960 872 3038 cymini
895 2967 1038 3037 quantum
1061 2978 1154 3022 manu

138 3051 236 3126 (nultius
260 3066 328 3109 cum
353 3047 509 3126 speciebus
533 3065 623 3126 supra
647 3047 767 3125 scriptis
794 3048 903 3108 inlusis
932 3055 962 3107 et
989 3046 1155 3126 diligentis-

138 3138 211 3196 simo
236 3139 315 3197 tritis
339 3144 519 3216 coquantur3
543 3154 580 3196 ex
603 3154 638 3196 eo
663 3137 715 3214 qui
737 3135 851 3196 laborat
874 3135 931 3196 coli
954 3136 1026 3195 vitio
1049 3137 1155 3198 inicie-

141 3230 199 3303 tur,
223 3226 262 3284 ita
286 3233 320 3284 ut
343 3226 427 3304 prius
451 3223 575 3284 calidam
598 3241 705 3302 aquam
728 3223 817 3286 bibat.

228 3360 389 3441 boounutu
401 3358 569 3441 torquebis]
594 3360 819 3440 connstaturque
846 3357 899 3415 bis.
952 3428 958 3440 ο
996 3365 1044 3442 ,10
1069 3360 1154 3442 fugit

193 3429 445 3569 effleuhngliaetnm.
512 3433 545 3484 14
564 3429 684 3484 obstare.
748 3434 786 3483 tt
802 3444 887 3499 supra
906 3430 1032 3502 scriptis]
1052 3431 1154 3488 subtis.
