2422 3878
552 115 788 178 -190—-

162 277 282 360 pellant,
306 286 335 338 et
356 276 392 337 ad
412 279 514 356 spinae
533 279 624 339 totius
644 276 872 356 lumborumque
892 277 1025 339 dolorem
1044 297 1083 338 ex
1103 298 1179 360 aqua

164 366 257 426 mulsa
281 366 382 427 datum
405 368 486 427 iuxta
510 368 588 426 vires
611 368 765 444 cuiusque.

128 469 143 517 t
252 454 325 516 ltem
350 455 386 515 ed
409 454 569 534 podagram
591 454 667 515 bene
691 455 775 536 iacit3
802 473 870 514 uam
898 464 928 514 et
952 456 983 515 in
1007 459 1179 534 praeseutia

162 545 344 606 detractione
373 542 483 603 doloris
510 543 621 604 relevat
651 550 681 603 et
708 545 739 604 iu
768 545 903 603 futurum
932 545 1013 603 omni
1041 543 1179 608 molestia

161 633 282 714 liberat3
304 631 425 693 dimidio
445 634 522 693 enim
543 631 670 693 celerius
689 638 831 692 sanantur
849 633 901 710 qui
920 643 1105 711 acceperunt
1123 635 1200 696 hocs

161 721 410 782 medicamentum
437 738 526 799 quam
554 723 638 799 prius
666 719 801 781 solebant
823 723 930 780 sanari.
976 720 1055 792 Quid
1081 723 1178 785 dicam

162 808 409 888 quemadmodum
432 811 528 888 prosit
550 810 587 870 ad
611 809 736 870 duritias
759 827 953 870 mammarum
974 809 1179 891 muliebrium,

162 915 325 977 quaecum
345 896 446 958 dolore
466 916 571 977 magno
590 897 687 958 solent
704 900 787 958 nasci
806 915 939 977 quasque
959 897 1076 959 nullum
1100 899 1178 961 aliud

162 986 409 1047 medicamentum
432 986 556 1068 relevat3
579 1005 646 1047 nam
669 988 722 1047 has
746 993 776 1046 et
799 987 835 1046 ad
855 1004 997 1065 praeseus
1017 987 1179 1050 admodum

162 1081 247 1134 curat
266 1085 296 1134 et
314 1077 344 1135 in
363 1083 541 1155 perpetuum
559 1094 594 1136 ex
609 1082 672 1136 toto
687 1075 838 1136 interdum
852 1084 944 1155 sanat,
964 1093 1036 1153 quas
1051 1077 1207 1156 quidemn

161 1181 266 1223 causas
289 1163 424 1242 plerique
447 1164 631 1226 medicorum
650 1163 828 1225 insanabiles
849 1162 1019 1245 adfirmant3
1043 1167 1179 1226 carcino-

161 1260 239 1312 mata
268 1253 348 1312 cnim
376 1259 406 1313 et
433 1254 589 1314 cacoethes
616 1253 689 1314 haec
717 1255 787 1313 vitia
815 1260 990 1332 sequuntur,
1038 1252 1099 1314 Sed
1124 1273 1178 1334 ego

161 1339 301 1401 honestas
325 1341 448 1401 feminas
472 1341 613 1420 quasdam
635 1343 806 1420 saepissime
821 1341 877 1403 boc
891 1340 1111 1404 medicamento
1131 1344 1179 1404 ad·

161 1430 246 1489 lirmo
271 1437 396 1490 sanatas.

126 1531 142 1579 8
250 1518 324 1580 lllud
353 1538 423 1579 vero
453 1537 542 1598 supra
565 1521 698 1579 omnium
726 1521 896 1597 opinionem
924 1525 982 1599 est,
1010 1519 1091 1596 quod
1119 1528 1200 1581 sto-1

161 1608 302 1668 machicis
326 1608 479 1667 evidenter
498 1610 644 1689 convenit,
668 1625 736 1668 cum
760 1609 800 1668 sit
818 1608 1033 1668 vinosissimum
1053 1612 1177 1670 amaris·

161 1698 328 1774 simumque
352 1695 601 1757 medicamentum
624 1705 654 1756 et
675 1695 846 1757 stomachus
865 1714 903 1756 ue
921 1694 1079 1756 adversum
1100 1696 1176 1758 levia

161 1785 282 1863 quidem
309 1794 338 1844 et
366 1784 511 1862 simplicia
537 1784 751 1845 medicamenta
779 1793 866 1864 aptus
894 1787 941 1845 sit.
988 1783 1046 1844 Sed
1074 1784 1176 1866 dispo·

161 1875 274 1933 suimus
293 1874 324 1933 in
343 1872 513 1933 huiusmodi
532 1873 622 1934 rebus
641 1875 840 1954 potentiorem
864 1890 936 1934 usus
959 1875 1108 1934 rationem
1130 1893 1175 1935 se-

161 1964 225 2041 qui3
245 1969 385 2040 expertus
405 1963 483 2022 enim
504 1964 630 2042 quisque
649 1962 802 2041 intelleget
814 1962 965 2023 stomacho
980 1979 1101 2040 quoque
1116 1963 1174 2025 hoc
1192 1987 1207 2014 τι

161 2049 406 2110 medicamentum
432 2052 538 2111 eximie
561 2050 713 2129 prodesse.
748 2050 902 2111 Remediat
924 2052 1003 2110 enim
1022 2068 1082 2131 eos,
1108 2055 1174 2131 qui-

160 2136 216 2196 hus
245 2138 418 2216 frequenter
444 2141 587 2200 inacescit
614 2139 712 2219 cibus,
741 2147 771 2200 et
794 2157 858 2221 eos,
886 2140 937 2218 qui
961 2140 1106 2200 stomachi
1129 2142 1174 2201 in·

160 2223 330 2286 dationibus
354 2236 499 2306 urgentur
522 2228 568 2289 vel
591 2227 742 2288 doloribus
766 2235 909 2289 vexantur
933 2226 1055 2289 adsidue
1075 2238 1106 2288 et
1126 2227 1174 2289 vel

160 2320 304 2374 nauseant
327 2314 372 2374 vel
400 2317 490 2375 nimia
515 2316 604 2377 sabra
626 2315 778 2377 abundant
800 2317 847 2377 vel
869 2317 967 2378 inedia
990 2334 1173 2378 consumun-

160 2408 210 2461 tur
237 2402 481 2482 stomachumque
509 2407 550 2464 ita
579 2404 708 2466 solutum
736 2405 859 2486 habent,
887 2413 920 2466 ut
948 2423 984 2466 ex
1011 2422 1047 2465 eo
1072 2407 1198 2466 variosu

154 2489 291 2568 liquores
320 2491 445 2553 subinde
473 2495 598 2554 reiciant
625 2496 829 2556 consentiente
857 2497 966 2574 capite,
994 2501 1029 2555 ut
1054 2493 1173 2555 nullum

159 2597 254 2657 genus
277 2579 336 2641 cibi
359 2584 511 2643 continere
533 2584 658 2664 possint.

124 2679 140 2727 9
248 2668 322 2731 Item
346 2671 382 2731 ad
405 2671 495 2732 bilem
518 2681 612 2734 atram
635 2683 821 2751 generantes
844 2689 919 2751 quos
942 2669 1173 2732 melancholicos

159 2767 274 2840 vocant,
296 2760 372 2821 bene
396 2761 478 2842 iacit3
502 2769 620 2840 oportet
643 2771 741 2822 autem
764 2777 825 2821 non
844 2757 1066 2821 continentibus
1087 2758 1173 2821 cibos

160 2849 322 2911 secundum
339 2853 480 2911 vomitum
494 2853 631 2930 protinus
645 2850 710 2911 oleo
725 2851 879 2929 perunctis
894 2857 924 2910 et
938 2849 1050 2910 diutius
1065 2867 1173 2927 presse
1191 2873 1206 2899 ἰ

159 2938 271 2999 fricatis
300 2940 363 2999 dari
392 2940 599 3001 medicamenti
627 2940 781 3000 denarium
810 2956 902 3000 uuum
927 2956 965 2998 ex
988 2954 1080 3017 equae
1105 2957 1172 3017 oya-

159 3026 218 3086 this
243 3028 347 3111 trihus,
371 3029 477 3090 deinde
501 3036 583 3089 artus
607 3046 711 3089 eorum
734 3029 939 3105 constringere
965 3035 996 3087 et
1017 3026 1173 3087 interdum

159 3113 319 3176 olfactoriis
347 3118 470 3179 relicere
496 3125 525 3178 et
549 3116 842 3178 commanducatione
866 3115 1009 3176 obvarum
1032 3123 1172 3176 contusa·

159 3218 225 3260 rum
245 3221 406 3282 earumque
425 3224 535 3284 rerum,
554 3222 629 3283 quae
644 3203 830 3265 stomachum
844 3206 1049 3283 constringere
1063 3203 1172 3286 solent,

160 3288 332 3350 suberectos
351 3292 588 3371 recubantesque
603 3293 695 3373 alere;
714 3292 820 3352 deiude
838 3293 890 3353 ubi
904 3293 1076 3374 deieceriut,
1092 3292 1170 3353 solu·
1184 3307 1208 3349 ee

249 3485 280 3532 17
299 3477 375 3533 lenia
394 3478 518 3535 Scribere.
591 3486 625 3536 33
645 3479 800 3538 olfactoriis
820 3480 979 3537 domarius.
