2422 3878
531 131 772 196 -308-

92 312 124 360 14
144 299 211 376 quis
234 295 339 375 laqueo
362 298 453 357 vitam
470 295 590 355 finierit.
624 293 727 353 Colum
747 298 830 353 sanat
849 308 917 351 cum
936 290 1040 368 pinnis
1061 307 1166 368 upupa

144 392 247 446 exusta
266 393 296 446 et
315 404 350 446 ex
370 388 439 445 vinc
458 385 534 444 cinis
553 385 618 443 eius
636 383 721 461 potui
738 381 838 460 datus;
857 377 1056 439 hirundinum
1074 380 1167 439 etiam

144 483 260 535 stercus
278 476 310 534 in
330 474 397 534 cibo
415 473 461 533 vel
479 475 602 551 inpetu
622 480 774 548 sumptum
790 468 896 530 tribuit
911 466 975 527 colo
991 468 1166 529 sanitatem.

93 576 126 626 ro
234 562 298 623 lloc
321 562 486 623 antidotum
508 562 570 621 sive
589 561 772 639 oxyporium,
795 556 875 637 quod
895 555 1022 634 bulagos
1041 555 1167 638 dicitur,

144 652 214 712 facit
248 651 284 711 ad
319 650 376 710 coli
406 649 573 711 inflationes
601 656 632 708 et
658 647 695 708 ad
725 647 934 725 digestionem,
964 643 1048 704 unde
1078 660 1188 706 manes

144 743 263 801 ieiunus
292 740 420 817 accipies
448 739 594 817 catapotia
620 738 677 797 tria
700 735 905 813 magnitudine
928 734 1016 812 grani
1039 734 1167 812 piperis.

145 828 309 889 Conficitur
332 828 388 887 sic:
424 825 555 905 Nepctae
584 856 619 871 ·-
640 824 694 903 111,
716 823 798 903 pulei
820 825 929 884 veteris
955 855 993 864 —
1016 820 1069 903 ΠΙ,
1095 822 1168 903 liby-

146 918 214 975 stici
238 916 360 975 seminis
381 948 420 959 -
441 915 504 997 llll,
527 913 695 995 petrosilini
716 946 753 956 —
775 912 797 993 Ι,
821 915 880 991 apii
903 911 1027 972 seminis
1047 912 1168 991 -18,

143 1004 237 1083 thymi
263 1002 349 1084 -Ι,
376 1006 489 1083 piperis
516 1037 553 1048 -
573 1002 625 1085 Vl,
652 1001 748 1062 meliis
777 1003 881 1082 optimi
908 1018 970 1060 non
992 999 1168 1078 despumati

145 1090 224 1170 quod
253 1092 382 1153 sufficiat
409 1093 445 1153 ad
474 1090 732 1171 concorporandas
757 1099 787 1151 ct
811 1087 1020 1170 temperandas
1046 1091 1166 1167 species
1179 1106 1197 1146 o

144 1180 291 1240 adicietur
314 1188 344 1241 et
367 1183 398 1241 in
422 1181 501 1242 dolio
524 1184 619 1242 vitreo
638 1180 784 1241 condetur
803 1179 859 1240 snb
879 1176 1033 1256 signaculo
1053 1176 1166 1239 haben·

145 1269 225 1350 dum,
241 1271 318 1330 sicut
332 1288 547 1349 usquequaque
562 1268 666 1330 haberi
680 1268 790 1329 debent
804 1270 942 1328 universa
956 1266 1164 1328 medicamina.

92 1371 125 1419 16
233 1358 278 1419 hd
301 1359 381 1419 ileon
406 1358 452 1419 vel
474 1359 573 1419 colum
596 1357 684 1418 bacas
707 1357 781 1418 lauri
806 1364 873 1417 octo
897 1354 1039 1416 concides
1065 1363 1097 1416 et
1119 1375 1165 1416 co·

149 1465 223 1526 ques
246 1449 277 1507 in
301 1449 362 1508 vini
386 1447 539 1508 subdulcis
562 1445 677 1526 cyathis
699 1446 797 1506 tribus
819 1453 850 1506 et
873 1443 1050 1505 calefactum
1073 1463 1112 1505 ex
1132 1463 1165 1505 eo

97 1549 128 1599 17
149 1536 288 1615 poculum
308 1538 408 1597 ieiuno
427 1535 589 1596 bibendum
608 1533 700 1595 dabis.
731 1534 817 1595 Croci
832 1526 872 1620 9·
886 1532 922 1614 ΙΙ,
939 1550 1060 1612 myrrae
1076 1525 1118 1619 9·
1133 1532 1195 1612 11,o

148 1627 208 1705 opii
228 1617 313 1710 213
337 1623 452 1703 singula
472 1641 607 1702 quaeque
626 1631 706 1683 teres
725 1626 883 1701 separatim
903 1629 933 1682 et
950 1628 1057 1699 postea
1077 1621 1166 1684 simul

147 1721 249 1791 parata
276 1716 307 1772 in
336 1731 412 1791 aqua
439 1711 580 1772 miscebis
608 1719 697 1790 atque
722 1713 753 1771 in
776 1711 897 1772 modum
921 1709 1004 1770 labae
1028 1711 1165 1788 pastillos

149 1802 243 1861 factos
275 1803 307 1861 in
340 1818 427 1860 anum
457 1802 576 1874 inicies,
605 1802 680 1860 mire
709 1799 773 1860 colo
801 1798 992 1861 remediando
1019 1800 1166 1877 proderit.

95 1903 128 1954 18
148 1890 302 1951 Satureiae
326 1888 462 1949 surculos
481 1888 508 1947 X
526 1888 612 1950 tolles
636 1888 732 1950 tribus
755 1888 865 1968 digitis,
888 1896 1027 1949 conteres
1046 1897 1079 1949 et
1098 1891 1165 1948 rino

146 1979 269 2040 Amineo
294 1980 411 2039 sincero
435 1980 543 2039 mixtos
566 1977 631 2038 colo
650 1977 797 2038 laboranti
820 1977 903 2038 dabis
926 1976 1082 2057 bibendos,
1107 1979 1198 2037 sin-¹⁰

147 2085 250 2127 cerum
275 2069 326 2145 qui
349 2067 460 2128 biberit
483 2069 654 2146 experietur
676 2066 850 2127 remedium.

98 2167 130 2216 19
239 2154 336 2214 Publii
359 2155 494 2234 pastillus
518 2155 643 2216 colicus:
670 2156 739 2234 Apii
763 2156 884 2216 seminis
907 2155 1066 2234 heminam,
1091 2154 1165 2214 feni·

148 2242 208 2303 culi
239 2244 361 2302 seminis
390 2245 587 2324 quartarium,
615 2245 727 2324 piperis
755 2261 846 2321 grana
868 2240 987 2322 XXVII,
1015 2244 1166 2302 satureiae

147 2329 230 2390 ssoris
253 2328 299 2388 vel
322 2331 444 2390 seminis
469 2333 666 2412 quartarium3
690 2334 788 2392 omnia
810 2332 884 2392 haec
905 2329 1064 2409 diligenter
1084 2339 1166 2392 teres

148 2427 178 2478 ct
201 2415 341 2478 criblabis
366 2424 487 2478 etcum
510 2421 613 2498 pipere
637 2420 713 2481 bene
732 2423 803 2481 trito
823 2419 1031 2500 permiscebis3
1055 2419 1199 2481 deinde25

148 2508 179 2567 in
208 2507 350 2567 mortario
379 2509 476 2568 omnia
504 2510 617 2586 pariter
645 2528 713 2571 cum
736 2512 804 2570 vino
828 2516 927 2569 vetere
951 2514 1098 2586 quantum
1123 2509 1166 2570 di-

148 2595 289 2674 ligentius
312 2603 391 2656 teres
415 2606 445 2657 et
468 2597 559 2658 iacies
582 2598 715 2676 pastillos
739 2596 803 2677 XV,
832 2615 907 2676 quos
931 2595 1071 2677 siccabis;
1097 2617 1166 2659 cum

149 2687 252 2746 siccati
276 2685 401 2766 luerint,
429 2686 561 2765 singulos
584 2686 716 2766 pastillos
739 2686 797 2746 coli
820 2685 921 2745 dolore
945 2684 1094 2747 laboranti
1118 2687 1166 2748 da·

148 2772 194 2834 bis
219 2774 332 2835 solutos
355 2776 505 2835 internis
529 2774 643 2855 cyathis
666 2776 728 2835 vini
752 2775 860 2834 veteris
883 2773 983 2856 calidi,
1010 2774 1062 2834 sed
1087 2775 1165 2838 benc

149 2881 200 2923 cos
220 2863 324 2944 solves,
344 2871 377 2924 ut
395 2870 490 2926 totum
512 2863 592 2924 ebibi
609 2864 718 2944 possit3
741 2848 850 2942 pastilli
871 2870 970 2923 autem
990 2865 1071 2941 paris
1092 2883 1165 2944 pon·
1178 2875 1200 2918 oo

148 2953 228 3012 deris
251 2971 317 3013 esse
341 2950 458 3016 debent,

96 3053 129 3100 2ο
239 3041 343 3102 Salicis
367 3041 505 3103 loliorum
529 3041 680 3120 dragmam
701 3060 770 3102 cum
788 3042 901 3121 piperis
920 3041 1020 3119 granis
1039 3039 1110 3101 Xlll
1131 3061 1167 3103 ex

149 3130 216 3188 vino
241 3130 399 3208 diligenter
422 3138 502 3191 teres
526 3139 556 3192 et
578 3131 678 3191 triduo
702 3137 764 3190 tres
787 3131 924 3208 potiones
948 3148 984 3189 ex
1006 3147 1041 3189 eo
1061 3129 1167 3192 biben-

240 3281 389 3350 luipnpa.
448 3282 678 3336 2herundinunn
739 3282 844 3350 Spulo
864 3284 1001 3350 sumptus.
1064 3283 1166 3338 alibi-

149 3349 220 3403 stici.
331 3356 365 3406 2ο
385 3352 571 3408 coloreborcti
589 3358 606 3408 1
612 3369 640 3408 m
657 3367 727 3408 corr.
746 3357 807 3408 2m.
897 3358 931 3407 22
950 3351 1044 3407 Publii
1063 3355 1167 3423 pastil-

148 3421 192 3473 lus
217 3419 334 3493 colicus]
358 3421 420 3477 folii
464 3423 573 3477 astillos
597 3422 676 3478 duos.
802 3426 837 3477 25
861 3424 890 3478 ei
912 3426 973 3478 tum
991 3424 1074 3494 piper
1092 3426 1166 3481 bene

148 3490 255 3547 tritum.
328 3440 521 3563 appenderis.
