2422 3878
492 164 532 173 -
580 125 647 192 254
692 163 735 172 ..

111 287 242 348 XXXV.
277 288 370 350 Datur
393 298 537 368 quantum
561 287 643 349 labae
666 288 838 366 magnitudo
862 297 908 347 est
927 289 1130 368 Aegyptiacae

110 395 145 436 ex
165 376 255 437 mulsi
273 376 378 456 cyatho
396 379 487 437 misto
503 396 570 437 cum
585 395 677 455 aquae
693 376 807 456 cyathis
821 375 946 456 duobus,
967 378 1020 437 sed
1038 377 1129 440 lebri-

110 464 271 526 citantibus
296 485 331 526 ex
355 484 446 544 aquae
471 464 583 524 mulsae
607 464 720 544 cyathis
744 464 841 525 tribus
865 464 928 524 dari
952 464 1053 526 debet.

74 569 91 616 4
199 555 242 614 Ad
270 563 418 615 tumorem
447 563 477 613 et
504 553 636 613 dolorem
665 564 695 613 et
717 553 967 614 exulcerationem
991 558 1128 616 vessicae

109 642 185 704 bene
213 644 283 703 lacit
311 660 385 720 aqua
413 650 495 721 pota,
522 644 553 702 in
581 661 638 721 qua
667 642 780 702 ferrum
804 642 934 702 candens
958 643 1153 716 demissums

109 740 163 792 est.
198 731 261 791 Hoc
280 738 408 790 tractum
428 739 474 791 est
492 730 528 790 ab
548 733 633 810 aquis
652 730 763 809 calidis,
783 748 858 808 quae
878 740 948 791 sunt
967 733 998 790 iu
1016 731 1128 793 Tuscia

109 820 246 899 ferratae,
264 836 339 896 quae
357 821 483 879 mirifice
503 820 668 880 remediant
686 821 817 879 vessicae
832 821 909 898 vitia,
930 818 1009 880 unde
1025 822 1128 900 appel-

109 906 207 967 lantur
231 908 416 988 vessicariae,
439 910 491 987 qui
508 907 592 969 locus
612 907 760 986 quondam
784 909 840 967 fuit
858 907 975 968 Milonis
995 907 1128 970 Brocchi

108 997 268 1075 praetoris,
295 995 424 1056 hominis
452 998 569 1077 optimi,
598 997 634 1056 ad
663 998 962 1075 quinquagensimum
985 997 1022 1057 ab
1046 999 1126 1059 urbe

107 1083 243 1160 lapidem.
1140 1101 1162 1140 1o

71 1185 88 1233 t
196 1172 239 1231 dd
263 1181 411 1232 tumorem
435 1183 465 1234 et
484 1172 615 1232 dolorem
634 1174 765 1232 vessicae
784 1173 868 1232 etad
888 1191 948 1251 eos,
972 1175 1024 1252 qui
1042 1173 1122 1234 dilii-

107 1259 203 1319 culter
226 1262 343 1320 urinam
366 1261 504 1338 reddunt,
528 1263 583 1321 sic:
609 1260 720 1321 hiterci
744 1263 874 1339 seminis,
898 1260 1009 1322 malvae
1033 1266 1122 1323 semi·

107 1351 162 1430 uis,
181 1351 350 1410 cucumeris
370 1348 465 1410 edulis
485 1350 607 1410 seminis
626 1351 753 1428 purgati,
773 1350 957 1427 singulorum
977 1348 1003 1410 X
1023 1369 1122 1434 senos,

107 1437 325 1517 amygdalorum
355 1438 485 1499 dulcium
514 1445 723 1516 purgatorum,
755 1437 930 1498 nucleorum
960 1440 1121 1516 pineorum

106 1535 314 1607 purgatorum,
342 1526 527 1605 singulorum
556 1525 581 1584 X
612 1534 727 1605 ternos,
756 1528 806 1604 opi
833 1525 858 1585 X
883 1526 909 1605 I,
936 1529 1018 1587 croci
1042 1527 1068 1587 X
1088 1528 1121 1590 V.
1135 1541 1159 1581 1⁶

105 1613 196 1674 Passo
221 1623 343 1675 contusa
368 1615 440 1675 haec
464 1616 561 1673 omnia
585 1622 835 1694 consparguntur,
864 1615 951 1675 datur
976 1614 1034 1676 hoc
1060 1635 1121 1678 me·

106 1702 305 1763 dicamentum
334 1702 370 1762 ad
398 1721 568 1763 mensuram
592 1703 706 1762 denarii
729 1705 818 1762 unius
842 1721 877 1762 ex
900 1704 981 1781 passi
1004 1704 1120 1783 cyathis

105 1791 221 1852 duobus
245 1800 276 1852 et
298 1809 390 1870 aquae
414 1791 531 1870 tepidae
558 1791 689 1852 totidem.

70 1893 85 1941 6
194 1880 236 1940 ad
260 1881 406 1940 vessicam
429 1880 626 1940 exulceratam
649 1879 813 1939 remedium
837 1879 948 1940 bonum
972 1881 1030 1942 sic:
1057 1881 1119 1942 Nu·

105 1967 238 2030 oleorum
256 1970 412 2048 pineorum
432 1977 625 2049 purgatorum
645 1966 707 2049 XI,
725 1970 894 2029 cucumeris
914 1968 1009 2029 edulis
1030 1973 1119 2030 semi·
1134 1984 1158 2022 20

104 2058 150 2116 nis
174 2060 293 2135 purgati
316 2058 463 2138 cyathum,
487 2060 568 2118 anesi
592 2057 738 2136 cyathum,
762 2059 915 2135 papaveris
939 2059 1018 2135 nigri
1037 2057 1062 2117 X
1082 2058 1119 2140 ll,

104 2148 185 2204 croci
208 2145 291 2224 Xll,
319 2146 431 2223 palmas
459 2148 585 2207 cariotas
609 2144 698 2205 XXX.
743 2143 802 2204 Has
830 2147 975 2205 macerari
997 2154 1120 2224 oportet

103 2234 182 2308 passi
206 2230 237 2292 θ
266 2233 383 2293 duobus
411 2242 499 2312 atque
528 2236 657 2312 conteri,
686 2233 793 2293 deinde
820 2234 867 2294 his
896 2232 972 2294 adici
1000 2243 1118 2316 cetera3

104 2337 139 2377 ex
169 2337 203 2378 eo
232 2320 296 2378 dari
324 2323 409 2381 nucis
438 2320 584 2398 iuglandis
612 2321 847 2399 magnitudinem
877 2341 913 2382 ex
942 2325 1023 2402 passi
1051 2342 1118 2403 cya-

103 2406 162 2466 this
187 2407 291 2467 tribus.
1132 2425 1157 2466 2⁵

69 2509 83 2556 v
191 2496 234 2556 hd
254 2499 428 2575 sanguinem
447 2515 502 2576 per
521 2500 637 2558 urinam
654 2496 840 2558 cumdolore
855 2499 1027 2559 reddentes:
1046 2499 1117 2560 hlu-

102 2586 191 2645 minis
209 2586 272 2645 fissi
291 2585 353 2667 XI,
371 2588 553 2665 tragacanthi
574 2586 634 2646 XI.
668 2586 904 2665 Tragacanthum
923 2587 1020 2666 pridie
1040 2607 1118 2668 aqua

101 2684 282 2736 maceratum
312 2675 434 2736 alumini
463 2678 534 2736 trito
563 2669 721 2736 admisceri
752 2683 882 2755 oportet,
912 2676 1019 2736 deinde
1049 2678 1117 2738 lieri

101 2764 234 2841 pastillos
257 2765 292 2825 ad
316 2764 431 2826 denarii
455 2768 608 2825 semissem
627 2764 673 2824 vel
694 2765 782 2824 tertia
801 2764 947 2844 detracta,
971 2765 1060 2825 datur
1079 2785 1117 2826 ex

100 2856 181 2930 passi
204 2855 317 2933 cyathis
340 2853 446 2914 tribus
1130 2869 1155 2908 ³⁰

66 2952 82 3000 8
191 2942 234 3001 hd
262 2943 425 3003 calculosos
454 2944 598 3020 optimum
626 2942 791 3003 remedium
819 2951 864 3002 est
892 2940 1116 3025 scolopendras,

102 3047 189 3106 quam
213 3050 268 3091 nos
292 3033 466 3111 saxifragam
489 3031 680 3113 appellamus,
702 3031 792 3091 huius
811 3038 953 3090 contusae
973 3031 1116 3093 denarius

100 3135 178 3176 unus
202 3136 238 3177 ex
257 3138 349 3197 aquae
369 3121 481 3199 cyathis
500 3119 597 3182 tribus
616 3138 670 3198 per
689 3118 752 3180 dies
771 3117 852 3179 XXX
871 3117 966 3180 datur.
999 3118 1115 3182 Eodem

100 3204 187 3262 modo
198 3205 264 3265 data
274 3206 466 3268 hierabotane
476 3209 606 3290 prodest,
615 3225 701 3287 quam
710 3225 765 3267 nos
773 3206 967 3268 verbenacam
975 3207 1115 3269 dicimus.

189 3338 377 3411 bdimissum,
396 3343 511 3398 correxi.
602 3341 763 3396 8condam.
854 3348 887 3396 21
907 3343 1037 3411 cyathus,
1062 3345 1113 3399 bie.

100 3416 132 3464 22
152 3411 262 3480 palmas
282 3412 311 3464 et
329 3409 457 3466 cariotaa.
513 3412 627 3480 oportit.
686 3417 721 3466 24
740 3412 944 3483 magnitudine.
999 3420 1033 3469 28
1053 3416 1114 3469 alu·

99 3481 181 3536 mine.
254 3487 287 3536 29
306 3480 450 3551 postellus.
519 3488 553 3537 34
571 3484 767 3555 verbenacam]
787 3486 967 3540 vettonicam.
