2422 3878
545 111 784 175 —110-

159 273 289 353 inlitum,
317 273 434 333 cocleae
462 275 606 333 contritae
636 279 665 332 et
693 272 784 332 lronti
810 271 911 331 inlitae
941 272 1080 333 similiter
1107 291 1167 351 pro

106 374 139 422 25
160 370 238 421 sunt.
275 362 384 422 dranci
406 361 464 421 tela
488 364 566 422 sicca
589 361 722 440 adposita
746 360 885 420 subvenit
903 362 1019 421 narium
1040 363 1168 421 cruentis

158 448 312 530 fluoribus
336 469 371 510 ex
396 451 522 510 ferventi
546 468 620 528 aqua
645 466 735 526 vapor
759 448 880 508 naribus
901 455 1017 509 tractus
1036 449 1169 510 medetur

105 550 138 598 26
158 556 260 599 earum
284 539 438 617 gravidiui.
484 537 643 598 Gallinaoei
666 536 824 598 cerebrum
848 537 894 597 vel
917 540 1039 616 sanguis
1064 538 1168 601 colum·

157 627 246 687 binus
273 626 311 687 ob
337 627 368 687 id
392 636 527 687 servatus
550 626 741 703 remedioque
765 625 915 686 adbibitus
938 626 1063 686 naribus
1087 627 1189 706 prod-o

158 724 216 796 est,
246 716 298 776 sed
326 718 352 775 si
379 734 414 775 ex
439 715 561 775 vulnere
584 715 740 774 immodice
763 714 836 774 fluat
859 717 989 794 sanguis,
1015 715 1105 775 fimus
1129 735 1168 776 ca-

104 815 137 863 37
157 804 284 864 ballinus
308 803 455 881 quomodo
480 806 613 881 egeritur
640 803 793 882 adpositus
817 805 917 862 statim
940 802 1089 864 subvenit.
1132 803 1168 863 De

104 904 137 952 28
156 912 247 972 porro
271 894 381 952 sectivo
406 894 476 952 trito
501 910 588 953 nares
611 891 738 952 fluentes
763 899 844 951 recte
868 891 1056 952 obturantur.
1094 892 1169 952 Lana

157 982 259 1042 sucida
283 982 410 1041 coicitur
433 983 464 1041 in
488 999 576 1040 nares
599 998 667 1040 cum
689 979 753 1039 oleo
773 997 896 1039 rosaceo
916 987 946 1039 et
964 980 1119 1040 auriculae
1136 981 1168 1040 de

157 1070 221 1129 lana
246 1070 348 1130 sucida
372 1069 550 1129 obturantur
574 1078 604 1129 et
622 1071 662 1128 ita
682 1069 802 1147 sanguis
820 1067 972 1146 profluens
991 1071 1168 1129 continetur.
1181 1083 1200 1122 1⁰

104 1169 137 1218 29
157 1158 319 1236 Coagulum
343 1161 483 1236 agninum
507 1176 543 1218 ex
567 1174 642 1236 aqua
666 1157 823 1217 subactum
846 1164 876 1216 et
896 1157 1030 1217 inlusum
1050 1157 1169 1218 naribus

103 1246 319 1306 adfluentibus
343 1249 417 1307 mire
442 1247 571 1325 prodest.
608 1246 707 1323 ddeps
731 1245 767 1306 dc
790 1245 947 1305 anseribus
971 1263 1040 1306 cum
1064 1246 1169 1326 butyro

103 1347 136 1395 31
158 1337 223 1412 pari
245 1335 377 1413 pondere
401 1335 518 1395 inlusus
542 1335 719 1413 profluvium
743 1335 861 1394 uarium
884 1335 972 1394 sistit.
1009 1333 1104 1395 Terra
1129 1334 1170 1395 vel

157 1423 258 1501 argilla
282 1423 318 1482 de
342 1427 457 1484 camino
481 1424 527 1484 vel
550 1424 586 1484 de
605 1424 693 1483 furno
712 1425 834 1500 antiqno
854 1425 963 1483 teritur
982 1430 1068 1484 etex
1088 1431 1169 1484 aceto

157 1511 342 1591 temporibus
372 1519 401 1572 et
431 1511 581 1591 cerebro‚,
597 1510 719 1572 naribus
747 1529 865 1589 quoque
893 1511 1030 1571 inlinitur
1054 1513 1100 1571 vel
1130 1515 1203 1573 in-15

103 1612 136 1660 32
157 1602 300 1681 funditur,
322 1619 397 1678 quae
417 1619 466 1660 res
480 1600 677 1678 profluentem
694 1602 785 1660 nimie
799 1602 975 1679 sanguinem
994 1601 1083 1662 sistit.
1111 1601 1170 1661 Tus

157 1700 187 1749 et
206 1692 303 1749 resina
323 1692 353 1748 in
374 1690 497 1749 larinam
516 1687 634 1749 redacta
654 1688 776 1749 naribus
800 1688 952 1769 induntur,
977 1690 1057 1768 quod
1077 1708 1170 1750 reme·

103 1789 137 1837 33
157 1779 238 1838 dium
263 1779 352 1837 etiam
372 1795 407 1836 ex
427 1795 477 1836 ore
498 1786 665 1837 manantem
685 1779 858 1856 sanguinem
878 1777 1005 1838 cohibet.
1043 1777 1085 1838 De
1106 1796 1170 1838 san·

156 1869 245 1944 guine
269 1868 334 1944 ipso
358 1867 410 1943 qui
432 1864 499 1925 fluit
521 1883 630 1926 nomen
653 1868 718 1927 eius
742 1868 772 1925 in
791 1866 888 1926 fronte
908 1865 1015 1945 scribe,
1039 1868 1088 1925 cui
1113 1886 1170 1928 me-

156 1955 285 2015 dendum
314 1960 372 2034 est,
405 1953 561 2014 adversum
592 1955 770 2034 profluvium
798 1956 931 2033 uarium,
968 1956 1069 2013 statim
1102 1954 1205 2015 sub-o

102 2055 137 2103 34
156 2046 264 2102 venies,
289 2042 409 2102 Scribes
424 2061 544 2103 carmen
557 2044 612 2103 boc
626 2046 657 2104 in
672 2043 773 2102 charta
786 2043 900 2120 virgine
915 2049 945 2102 et
959 2041 1051 2102 linteo
1066 2042 1171 2122 ligabis

156 2140 186 2190 et
214 2131 344 2190 medium
373 2132 475 2209 cinges
504 2149 572 2191 eum
601 2131 645 2190 vel
676 2149 753 2209 eam,
782 2148 856 2207 quae
885 2132 1014 2208 patietur
1038 2131 1076 2191 dc
1100 2151 1169 2210 qua·

157 2218 229 2278 libet
252 2226 337 2296 parte
360 2221 495 2296 corporis
519 2221 672 2297 sauguinis
695 2219 821 2281 fluxum:
849 2220 912 2296 sicy
935 2237 1020 2279 cuma
1045 2238 1171 2280 cucuma

103 2319 136 2367 35
156 2325 263 2367 uouma
280 2325 365 2366 crima
379 2326 447 2367 uma
464 2318 536 2367 maa.
564 2308 638 2367 Item
653 2324 772 2367 carmen
787 2307 843 2366 hoo
858 2307 931 2367 utile
945 2306 1092 2386 profluvio
1107 2327 1171 2368 mu·

155 2393 255 2455 liebri:
279 2395 423 2473 Stupidus
442 2398 471 2456 in
493 2406 591 2456 monle
611 2396 680 2474 ibat,
704 2396 841 2474 stupidus
860 2397 989 2476 stupuit3
1014 2396 1120 2457 adiuro
1142 2405 1170 2457 tc
1183 2404 1207 2446 2⁵

156 2485 275 2562 matrix,
304 2502 341 2544 ne
365 2484 421 2543 boo
445 2484 587 2544 iracunda
612 2485 770 2563 suscipias;
797 2486 860 2562 pari
885 2486 1001 2545 ratione
1024 2487 1171 2564 scriplum

102 2583 136 2632 33
155 2570 269 2649 ligabis.
315 2572 442 2651 Myrram
469 2591 537 2633 cum
566 2572 658 2632 nardo
686 2590 762 2650 puro
790 2580 912 2632 contere
938 2579 967 2633 et
990 2573 1059 2633 inde
1083 2593 1171 2635 nares

156 2670 242 2738 tange
271 2679 356 2720 mane
385 2670 414 2720 ct
437 2679 572 2740 vespera,
602 2660 760 2721 subvenies
788 2663 925 2739 sanguini
953 2663 1080 2723 nimium
1104 2681 1171 2742 pro-

102 2761 135 2810 37
155 2748 267 2809 fluenti.
291 2749 401 2810 Verum
415 2749 542 2809 ferream
557 2750 732 2810 candentem
747 2753 778 2809 in
793 2759 876 2810 aceto
891 2749 1014 2810 adsidue
1029 2754 1170 2829 extingue

102 2851 136 2899 33
156 2847 186 2899 et
209 2840 322 2899 fumum
345 2841 409 2899 eius
433 2837 555 2898 naribus
579 2839 689 2899 ducito.
726 2837 803 2898 Ruta
827 2840 945 2916 saepius
968 2838 1105 2899 olfactata
1125 2839 1207 2899 velo

155 2930 225 2988 trita
248 2927 331 2987 inlita
354 2929 527 3006 sangninem
552 2945 587 2986 ex
611 2926 733 2987 naribus
756 2928 845 2987 nimis
866 2925 1007 2986 fluentem
1027 2929 1169 2988 retundit.

102 3027 135 3074 33
155 3015 248 3075 Radix
276 3018 390 3076 urticae
419 3018 508 3096 capiti
538 3017 679 3094 inposita,
707 3017 732 3074 si
758 3015 894 3075 manibus
918 3017 1054 3094 utrisque
1079 3035 1170 3096 supra

155 3113 244 3180 capul
268 3106 464 3182 contineatur,
489 3106 563 3164 mire
587 3104 710 3181 prodest
733 3103 890 3164 adversum
913 3102 1093 3181 profluvium
1117 3123 1170 3165 na-

101 3202 136 3250 40
155 3192 241 3249 rium.
275 3190 390 3250 Herbae
413 3191 552 3271 polygoni
575 3209 683 3251 corona
703 3194 793 3271 capiti
811 3193 939 3271 inposita
958 3192 1082 3253 naribus
1101 3212 1169 3272 pro·

228 3331 259 3377 13
279 3323 340 3392 pari
359 3339 409 3378 om.
510 3328 544 3376 14
562 3323 660 3394 argila.
751 3330 784 3381 17
803 3325 937 3382 induitur.
1015 3333 1050 3382 25
1069 3328 1169 3383 adiuro

154 3396 195 3466 te]
214 3393 350 3449 adiurata.
419 3401 453 3450 26
472 3394 574 3449 matrix
592 3397 705 3464 scripsi:
728 3398 833 3454 matris.
902 3403 936 3452 29
960 3415 1029 3452 reru
1046 3397 1169 3454 ferreum

155 3467 276 3521 candens
297 3465 456 3522 Ooroariua.
529 3472 563 3522 30
583 3467 743 3524 olefactata.
