2422 3878
586 157 826 223 -198-

200 322 273 382 haec
301 323 481 402 conpositio,
509 340 577 382 cum
605 320 713 380 habeat
740 321 771 379 in
800 338 831 380 se
862 319 935 379 nihil
967 320 1058 379 taetri
1091 319 1211 380 medi

199 412 302 492 menti,
321 410 356 470 ad
375 410 557 471 inflationem
576 409 721 470 stomachi
736 415 766 468 et
780 407 943 468 cruditates
958 417 988 467 et
1001 406 1106 468 acidas
1122 427 1183 470 ruc
1201 451 1202 460 .

200 500 296 559 tiones
320 506 350 559 et
373 499 409 559 ad
433 501 546 559 ventris
570 498 702 558 dolorem
726 504 756 557 ct
778 499 883 557 urinae
904 495 1116 557 difficultatem
1138 505 1205 558 eta

200 587 339 648 convulsa
362 590 544 647 intrinsecus
566 594 595 646 et
614 593 701 665 rupta
720 588 819 646 omnia
837 594 868 645 et
886 586 922 645 ad
940 585 1100 666 horrores3
1122 604 1210 647 move

199 679 288 737 etiam
306 685 460 737 menstrua
479 674 647 755 mulierum,
667 693 734 735 cum
754 673 914 735 difficulter
931 681 1113 752 purgantur.
1149 674 1207 736 lte

199 765 328 826 detrahit
347 766 374 824 si
393 782 450 843 qua
470 782 504 823 ex
525 772 611 842 partu
633 773 683 824 aut
702 764 811 823 aborsu
829 765 1012 823 intrinsecus
1026 764 1172 824 nocivas
1202 791 1206 817 ι

199 855 344 931 stiterint3
368 853 456 912 datur
479 854 599 913 omnino
624 855 688 912 sine
709 860 792 912 metu
811 859 841 912 et
859 852 968 912 ieiunis
987 858 1017 911 et
1036 859 1109 912 ante
1132 871 1207 915 cena

199 952 317 1019 tempus
337 947 367 1001 et
385 949 453 1019 post
472 959 575 1001 cenam
594 942 628 1001 ad
649 959 819 1001 mensuram
839 940 953 1000 denarii
971 941 1063 1000 unius
1082 941 1136 1001 vel
1153 942 1206 1002 du

200 1047 267 1089 rum
290 1048 327 1089 ex
350 1047 443 1108 aquae
466 1030 580 1109 cyathis
603 1029 700 1090 tribus
728 1037 758 1090 et
784 1031 810 1088 si
832 1028 900 1108 plus
923 1027 1066 1106 ponderis
1091 1029 1205 1109 quilib

200 1119 369 1196 sumpserit,
394 1136 453 1177 non
476 1118 619 1179 laedetur.
653 1118 832 1196 Praegnanti
850 1135 911 1177 non
934 1125 980 1176 est
1002 1116 1143 1179 dandum
1168 1119 1200 1179 h.

199 1205 447 1267 medicamentum
471 1225 526 1267 nec
550 1206 740 1267 febricitanti.

73 1294 76 1301 ’
145 1306 180 1355 34
287 1294 460 1355 Antidotum
488 1295 695 1355 Philonianum
724 1294 760 1355 ad
789 1312 892 1355 omnes
919 1295 1056 1353 internos
1088 1293 1210 1356 dolore

199 1383 277 1461 quod
303 1383 337 1443 ad
361 1385 513 1445 tensiones
537 1384 682 1444 stomachi
709 1391 739 1444 et
763 1383 1028 1462 empneumatosim
1052 1387 1206 1464 praecipu

198 1471 280 1550 facit,
309 1472 410 1532 colicis
439 1492 557 1552 quoque
585 1473 721 1550 prodest,
749 1471 857 1551 quibus
885 1472 916 1530 in
944 1469 1047 1530 dolore
1076 1489 1120 1534 ex
1148 1491 1205 1552 aqu

198 1560 303 1639 frigida
332 1561 432 1641 datur,
461 1564 569 1622 ceteris
598 1579 635 1620 ex
662 1559 756 1620 calida
783 1578 852 1620 cum
878 1557 1004 1637 oxymeli
1027 1559 1097 1620 dari
1125 1561 1211 1623 debe

198 1657 312 1710 tussem
333 1651 424 1724 sedat,
445 1652 586 1710 tertianas
601 1649 726 1709 mirifice
741 1647 817 1709 tollit
835 1655 903 1708 ante
918 1654 1109 1708 momentum
1127 1653 1210 1730 susp'

199 1740 292 1798 cionis
322 1738 437 1818 datum;
466 1737 603 1798 omnihus
631 1745 730 1797 autem
759 1737 795 1796 ad
824 1737 944 1797 modum
971 1735 1056 1796 labae
1085 1738 1173 1800 dand
1202 1767 1206 1793 ι

199 1829 265 1907 erit,
288 1834 404 1886 constat
423 1845 459 1886 ex
477 1826 540 1886 his:
561 1825 649 1886 Croci
664 1818 703 1912 ,ᾖ
719 1824 778 1904 XV,
797 1824 931 1905 pyrethri
950 1827 1154 1910 semunciam,
1172 1847 1209 1889 eu

199 1915 277 1975 serbi
301 1917 492 1995 semunciam,
514 1916 613 1993 spicae
633 1915 718 1974 nardi
736 1916 928 1993 semunciam,
951 1915 1064 1992 piperis
1085 1915 1152 1978 albi
1170 1936 1203 1978 ιιι

199 2007 260 2063 cias
283 2005 356 2064 duas
381 2006 480 2084 semis,
502 2003 672 2083 hyoscyami
690 2005 794 2063 uncias
814 2002 887 2062 duas
907 2003 1004 2082 semis,
1029 2004 1095 2081 opii
1112 1998 1156 2091 2·
1171 2004 1209 2066 111

199 2091 304 2151 melior
323 2095 389 2172 erit,
409 2095 435 2152 si
454 2093 543 2153 addas
562 2092 730 2172 petrosilini
750 2083 853 2177 plu,
872 2090 960 2151 dauci
978 2089 1093 2153 Cretici
1111 2086 1209 2179 2111

200 2178 349 2256 colligitur
373 2180 458 2241 melle
478 2183 575 2241 Attico
599 2182 683 2241 etin
706 2197 776 2240 vaso
800 2182 894 2240 vitreo
918 2177 973 2239 sub
995 2180 1158 2257 signaculo
1177 2201 1209 2244 re

199 2268 329 2344 ponitur.

145 2365 180 2416 35
289 2354 447 2415 Stomacho
475 2353 621 2416 laboranti
644 2355 761 2416 cocleae
785 2365 924 2436 prosunt,
953 2357 1034 2415 siin
1057 2375 1142 2437 aqua
1166 2361 1210 2421 ser

199 2451 287 2503 veant
309 2451 339 2503 et
362 2444 405 2503 sic
430 2443 609 2505 carbonibus
632 2453 804 2506 torreantur
827 2453 915 2525 atque
938 2446 980 2505 ita
1004 2462 1041 2504 ex
1065 2463 1211 2530 oenogar

145 2545 179 2594 36
200 2539 356 2593 sumantur
383 2534 480 2611 inpari
512 2551 645 2617 numero.
693 2534 884 2595 Stomachum
912 2535 1168 2599 neumatizantem
1193 2556 1209 2598 e

199 2621 348 2683 dolentem
372 2629 402 2682 et
424 2621 613 2700 languentem
637 2631 667 2683 et
690 2622 868 2684 dissolutum
887 2625 1017 2701 primurn
1037 2629 1162 2688 mansio
1179 2627 1210 2688 lu

198 2712 264 2772 cida
287 2719 317 2772 et
341 2730 400 2771 non
423 2714 548 2772 nimium
571 2712 677 2791 lrigida
700 2730 756 2772 nec
780 2713 852 2771 satis
874 2710 968 2772 calida
994 2708 1074 2771 bene
1102 2718 1211 2795 accipi

198 2809 261 2862 tum
290 2800 467 2879 cataplasma
496 2802 561 2861 fieri
590 2800 679 2861 debet
702 2800 738 2860 de
762 2800 840 2860 loliis
862 2801 966 2860 vitium
990 2798 1038 2859 vel
1062 2803 1091 2862 si
1117 2807 1206 2866 vinea

198 2890 266 2951 folia
294 2910 354 2951 non
382 2890 506 2966 fuerint,
536 2891 573 2949 de
601 2891 727 2950 rumicis
756 2891 817 2948 sive
845 2888 914 2949 rubi
941 2886 1101 2969 foliislvel
1127 2894 1168 2955 de
1196 2921 1199 2928 ¹

199 2982 368 3040 summitate
387 2978 464 3061 ruhi,
488 2998 563 3058 quae
584 2980 655 3039 satis
674 2986 777 3039 tenera
796 2984 850 3037 est.
883 2975 946 3037 Hoc
965 2976 1135 3054 diligenter
1154 2985 1208 3044 te'

198 3075 248 3127 tur
271 3087 340 3128 cum
363 3068 489 3128 dactulis
513 3071 645 3147 quinque
669 3068 837 3127 minutatim
865 3067 976 3144 carptis
999 3068 1032 3125 in
1055 3079 1150 3132 aceto
1173 3071 1211 3132 di

145 3166 180 3214 37
200 3158 364 3215 maceratis.
388 3153 586 3234 Epithematio
602 3164 702 3216 autem
720 3155 777 3216 hoc
794 3162 861 3234 post
876 3153 1055 3233 cataplasma
1070 3161 1122 3220 uti
1137 3177 1210 3240 opor

290 3304 353 3357 liu
372 3323 401 3359 se
420 3323 469 3360 ont.
543 3309 743 3361 tconvutaam
761 3307 940 3362 intrensecus.
1015 3313 1166 3368 Gauorsu
1181 3313 1208 3368 in

199 3379 350 3430 trensecns.
432 3383 448 3430 9
468 3377 610 3444 quislibet.
691 3384 723 3430 12
742 3377 914 3433 filonianum.
989 3383 1021 3431 13
1043 3381 1158 3450 emple.
1172 3408 1200 3431 ..2

198 3448 290 3504 tisem.
364 3454 397 3502 15
417 3447 537 3502 oximeli.
617 3449 774 3518 repitent.
852 3455 886 3503 25
906 3463 1042 3518 ynogar0.
1122 3460 1159 3510 28
1176 3472 1207 3512 aa

200 3519 282 3592 cepit.
355 3525 389 3573 33
409 3519 597 3590 epithymetio
616 3519 669 3575 hoc
688 3521 791 3575 autem.
