2422 3878
514 163 552 173 -
599 125 753 192 264-

73 304 107 354 89
215 288 398 369 Ungularum
417 307 598 370 aprunarum
618 298 789 351 exustarum
808 292 883 352 cinis
897 294 1013 369 potioni
1028 296 1149 374 insper-

73 393 107 443 89
127 396 178 440 sus
200 378 363 458 plurimum
386 381 490 443 urinae
509 377 699 439 difficultates
718 381 807 440 iuvat.
838 380 963 459 Leporis
980 382 1148 446 cerebrum

126 470 158 529 in
182 469 250 529 vino
280 468 393 529 utiliter
415 467 530 529 bibitur
553 469 677 546 eiusque
701 467 838 529 testiculi
855 471 956 530 tostati
978 471 1148 534 salubriter

73 570 106 619 87
125 556 343 619 manducantur
366 555 402 617 ab
426 574 471 638 eo,
495 557 547 635 qui
569 557 700 617 vessicae
724 556 868 618 molestiis
887 556 1010 620 laborat.
1050 561 1146 622 ,inse-

125 664 192 708 rum
212 646 392 706 silvestrium
410 644 528 724 linguae
547 653 660 705 assatae
675 645 837 707 efficaciter
852 654 1013 708 sumuntur
1027 650 1060 708 in
1076 649 1146 710 cibo
1159 666 1171 707 9

72 747 105 797 88
126 755 142 796 a
166 734 329 797 calculosis.
367 732 482 813 Cymini
506 766 545 778 -
566 733 588 815 l,
611 741 696 794 rutae
715 766 757 776 —
776 733 798 814 l,
820 736 933 814 piperis
955 738 1148 799 semunciam

126 833 205 885 teres
230 821 386 900 diligenter
410 830 440 883 et
463 821 596 883 cocleare
619 821 741 901 plenum
763 824 796 882 in
819 825 895 884 meri
916 826 1026 884 veteris
1046 829 1145 904 potio·

126 930 194 972 nem
222 913 323 972 mittes
351 918 381 972 99
404 929 497 990 aquae
525 910 605 989 quod
628 911 758 971 sufficiat
780 911 904 992 adicies,
931 919 1037 990 postea
1061 915 1146 977 ferro

126 999 264 1066 candenti
294 1001 412 1078 saepius
439 1003 570 1061 inmerso
599 998 753 1060 calefacies
785 1007 815 1061 et
846 1002 947 1061 ieiuno
975 999 1146 1065 bibendum

71 1101 105 1151 89
125 1088 217 1169 dabis,
236 1088 441 1149 efficacissime
460 1087 619 1150 subvenies
639 1089 807 1167 stranguria
821 1087 976 1151 laboranti.
1009 1087 1183 1171 Spongiam

125 1195 161 1237 ex
194 1176 270 1238 rubo
303 1179 417 1238 rosario
445 1179 556 1256 agresti
585 1184 702 1255 sumpta
730 1184 760 1238 99
787 1195 863 1256 aqua
891 1177 1010 1259 frigida,
1046 1180 1146 1242 donec

124 1265 283 1348 madescat,
302 1274 449 1327 macerata
468 1284 501 1327 ac
520 1265 628 1326 deinde
646 1268 716 1326 trita
736 1272 767 1326 et
784 1284 821 1326 ex
840 1282 914 1346 aqua
930 1285 986 1344 per
1003 1268 1145 1331 triduum

71 1368 105 1416 99
124 1357 209 1433 potui
237 1355 303 1416 data
332 1349 686 1417 efficaciter'calculosos
710 1354 855 1416 emendat.
899 1354 995 1416 Piscis
1019 1360 1144 1437 scorpio

70 1457 103 1504 91
124 1452 239 1506 assatus
258 1447 289 1505 in
308 1445 375 1506 cibo
395 1451 532 1524 sumptus
551 1445 663 1523 optime
682 1442 829 1505 calculoso
848 1443 978 1522 prodest.
1013 1444 1144 1508 Cocleae

124 1536 240 1614 inanes,
268 1534 298 1594 id
326 1543 372 1595 est
400 1535 464 1595 sine
493 1550 581 1593 carne
610 1550 677 1613 sua,
708 1534 845 1592 inventae
874 1541 1016 1594 contusae
1051 1545 1084 1597 et
1110 1538 1143 1598 in
1158 1552 1181 1593 99

124 1623 277 1702 pulverem
300 1624 509 1683 tenuissimum
531 1620 668 1681 redactae
687 1622 719 1682 in
737 1623 857 1700 potione
877 1620 1040 1684 calculosis
1054 1625 1143 1687 datae

71 1723 105 1770 9-9
124 1712 291 1772 9999199999.
333 1710 466 1789 Ungulae
495 1711 620 1789 equinae
649 1708 769 1771 scobem
792 1709 839 1771 vel
861 1719 982 1771 exustae
1006 1715 1143 1777 cinerem

71 1801 152 1860 9991
175 1799 372 1861 calculosus
364 1817 395 1859 1n
418 1801 570 1877 potionem
589 1799 747 1879 acceperit,
766 1800 825 1858 cito
844 1798 1006 1861 sanabitur.
1038 1801 1143 1865 Herba

124 1889 282 1969 saxifraga,
312 1889 337 1949 si
360 1905 397 1948 ex
421 1887 485 1948 oleo
510 1896 539 1950 et
563 1888 722 1966 liquamine
746 1886 956 1968 manducetur,
983 1890 1064 1998 intra
1090 1896 1142 1954 tri·

123 1978 216 2037 duum
239 1975 368 2038 calculos
391 1976 541 2038 dissolvet.
1157 1997 1181 2037 99

69 2076 103 2125 94
213 2065 374 2128 Calculosis
393 2073 535 2144 expertus
555 2065 690 2127 adfirmat
707 2064 923 2127 incredibiliter
939 2071 1081 2130 succurri
1096 2089 1143 2132 re-

122 2154 220 2214 medio
243 2153 304 2235 tali,
327 2156 353 2214 si
375 2154 502 2234 hircum,
525 2153 631 2214 melius
655 2155 682 2214 si
704 2161 862 2236 agrestem,
884 2155 991 2218 melius
1011 2159 1037 2217 si
1056 2163 1144 2221 anni-

122 2240 224 2300 culum
252 2250 281 2300 et
310 2243 336 2302 si
363 2260 465 2302 mense
492 2242 626 2318 Augusto
655 2240 775 2303 claudas
802 2243 868 2318 loco
895 2246 976 2305 sicco
1003 2262 1060 2322 per
1088 2251 1144 2310 tri-

122 2329 227 2409 duum,
256 2336 290 2388 ut
318 2331 345 2389 ei
373 2329 450 2390 solas
477 2328 579 2390 laurus
603 2328 732 2390 edendas
755 2330 966 2394 subministres
989 2343 1020 2394 et
1043 2353 1144 2415 aquae

122 2417 195 2478 nihil
222 2418 360 2498 accipiat;
387 2417 422 2478 ad
451 2425 636 2496 postremum
660 2420 749 2479 tertio
773 2419 835 2499 die,
863 2421 892 2482 id
916 2430 962 2482 est
984 2431 1037 2483 aut
1060 2423 1143 2488 lovis
1157 2439 1183 2481 2⁵

122 2515 172 2568 aut
196 2506 283 2589 Solis,
306 2506 432 2568 occidas.
465 2505 571 2568 Melius
595 2512 695 2567 autem
718 2509 783 2582 erit,
808 2511 834 2569 si
857 2517 957 2571 castus
979 2529 1143 2594 purusque

123 2598 213 2657 luerit
240 2604 271 2658 et
300 2598 352 2676 qui
379 2596 489 2658 occidit
512 2603 542 2657 et
565 2598 616 2675 qui
640 2598 766 2675 accipiet
787 2599 961 2660 remedium.
1007 2599 1142 2666 Exsecto

122 2687 212 2766 igilur
241 2695 362 2768 gutture
392 2688 458 2748 eius
485 2687 606 2765 sanguis
634 2687 796 2767 excipitur3
828 2687 944 2769 utilius,
973 2690 1000 2751 si
1027 2690 1065 2751 ab
1094 2694 1142 2755 in·

122 2777 254 2838 vestibus
281 2777 383 2857 pueris
412 2777 590 2856 excipiatur,
619 2774 806 2836 comburitur
833 2778 865 2836 in
887 2795 956 2839 vaso
980 2778 1066 2839 fictili
1088 2800 1141 2843 us-

122 2886 179 2946 que
199 2866 235 2928 ad
255 2868 396 2928 cinerem.
430 2864 486 2925 Vas
506 2871 614 2944 autem,
636 2866 668 2924 in
687 2882 746 2942 quo
765 2864 937 2941 torrebitur,
961 2877 1140 2946 coopertum
1155 2883 1181 2923 ⁸⁰

122 2966 151 3016 ot
178 2957 295 3017 inlitum
323 2973 415 3034 gypso
443 2955 475 3014 in
505 2953 626 3015 furnum
654 2954 804 3033 mittetur;
831 2954 1001 3032 quodcum
1025 2975 1140 3036 vapore

122 3048 276 3126 exemeris,
299 3046 330 3105 in
352 3043 507 3122 pulverem
530 3049 667 3104 conteres
691 3059 808 3103 necnon
831 3050 862 3102 et
884 3043 1024 3123 polypum
1047 3050 1140 3108 mari·

121 3148 192 3190 num
225 3132 400 3213 identidem,
432 3140 465 3194 ut
493 3130 566 3212 dixi,
599 3138 739 3191 exustum
768 3131 799 3192 iu
827 3131 980 3209 pulverem
1007 3134 1138 3213 rediges.

210 3280 351 3338 2iuvent.
397 3283 537 3339 39199999.
588 3287 621 3336 10
640 3282 800 3351 stranguria
820 3281 977 3341 0999999999.
1033 3287 1137 3356 spbar-n

121 3352 193 3423 gice.
268 3358 300 3406 18
318 3351 444 3409 tridium.
519 3357 551 3406 15
570 3368 638 3407 casu
656 3353 953 3435 9991919991919999999
972 3304 1136 3417 cornaria

122 3429 154 3479 18
175 3421 336 3478 calculosos.
433 3428 467 3477 20
487 3422 623 3477 dissolvet
640 3422 753 3504 scripsi.
772 3425 903 3482 99991999
998 3429 1137 3484 91991119-

120 3495 226 3551 misici.
299 3500 332 3548 22
352 3493 521 3564 agniculum.
596 3499 628 3547 31
648 3492 748 3564 vapori
768 3493 927 3554 Carnarius.
