2422 3878
540 132 778 196 -290—

98 309 152 359 130
244 295 413 374 Serpullum
436 295 472 356 ad
495 295 612 374 pondus
635 295 783 355 victoriati
806 296 940 373 argentei
962 295 1069 355 tritum
1092 294 1173 358 benc

154 384 263 445 valenti
286 403 322 444 ex
345 386 427 464 vino,
453 383 649 444 febrIculento
673 401 709 443 ex
732 401 806 462 aqua
829 384 914 463 potui
936 384 1039 444 datum
1063 402 1173 446 omnes

154 475 267 534 ventris
291 472 409 533 dolores
434 471 526 533 sedat.

99 577 150 627 131
242 561 411 622 Humanum
429 560 533 621 lotium
552 569 638 621 vetus
657 561 771 622 adiecto
791 562 872 621 croci
890 560 1016 640 modico,
1039 568 1075 622 ut
1096 562 1174 622 odor

154 652 219 711 eius
247 650 428 728 occultetur,
455 650 603 727 ignoranti
630 651 715 727 potui
738 649 840 710 datum
863 648 1026 728 quamlibet
1049 658 1197 714 veteress

153 741 185 799 in
212 737 377 800 visceribus
405 736 531 797 latentes
559 736 680 798 morbos
712 736 843 819 sanabit,
874 740 987 798 vomitu
1015 739 1099 798 enim
1128 741 1174 800 in·

153 829 243 888 ritato
271 834 302 886 et
325 823 521 886 eiectionibus
545 828 700 887 concitatis
724 844 810 886 omne
834 827 938 887 vitium
961 825 1098 886 valenter
1123 845 1173 887 ex·

153 921 270 994 purgat.

101 1018 152 1067 132
243 1002 281 1062 Ut
304 1001 452 1081 explorari
473 1004 576 1083 possit,
600 1020 636 1062 ex
659 1001 820 1063 latentibus
842 1003 956 1063 morbis
979 1005 1032 1081 qui
1051 1004 1093 1063 sit
1113 1003 1173 1084 ille,

154 1093 314 1170 quiverat
338 1090 497 1172 infirmum,
521 1091 783 1170 conprehendique
806 1091 931 1170 qualitas
955 1093 1019 1151 vitii
1045 1098 1076 1152 et
1100 1111 1172 1172 pars
1186 1113 1208 1152 ro

153 1181 301 1239 viscerum
329 1180 437 1257 possit,
466 1179 581 1240 catulus
608 1179 684 1240 letae
708 1182 789 1239 canis
812 1179 925 1240 lactens
948 1180 997 1239 die
1020 1198 1055 1239 ac
1080 1189 1172 1242 nocte

154 1286 222 1327 cum
250 1284 285 1326 eo
313 1269 365 1346 qni
391 1267 504 1328 laborat
532 1267 700 1348 accumbaq
729 1270 756 1328 is
786 1276 890 1346 postea
918 1275 1018 1328 sectus
1046 1269 1171 1348 inspici-

153 1363 204 1415 tur
231 1355 451 1435 translatusque
479 1357 510 1416 in
534 1374 569 1416 eo
593 1355 714 1416 morbus
737 1355 816 1417 haud
840 1356 960 1416 difficile
983 1363 1108 1417 notatur
1132 1361 1171 1418 ita

154 1452 266 1524 tamen,
295 1453 328 1505 ut
356 1462 444 1522 aeger
472 1446 500 1505 ei
527 1444 572 1505 lae
600 1445 637 1505 de
660 1463 714 1505 suo
743 1463 794 1505 ore
819 1445 991 1524 frequenter
1015 1445 1172 1526 infundat,

153 1551 220 1594 eum
249 1540 348 1593 tamen
371 1532 517 1613 catulum,
544 1551 612 1594 cum
640 1532 731 1593 luerit
754 1542 905 1614 exsectus,
933 1533 1021 1594 obrui
1049 1541 1172 1611 oportet
1185 1552 1208 1592 15

153 1639 208 1681 nec
232 1621 268 1681 ab
292 1639 325 1681 re
349 1627 408 1701 est,
439 1623 465 1681 si
492 1621 592 1682 triduo
619 1620 697 1681 idem
722 1621 837 1682 catulus
860 1623 963 1682 vivens
987 1639 1055 1681 cum
1080 1641 1173 1701 aegro

152 1717 283 1789 maneat,
310 1711 414 1789 vitium
441 1711 520 1769 enim
548 1711 630 1789 aegri
657 1712 785 1770 transire
812 1712 843 1769 in
872 1728 940 1770 eum
969 1703 1065 1788 usque
1097 1711 1173 1771 adeo

154 1805 270 1858 certum
289 1804 344 1877 est,
367 1805 400 1857 ut
419 1799 563 1858 moriatur
582 1797 698 1859 catulus
715 1797 926 1876 hominemque
945 1796 1058 1858 morbis
1077 1797 1173 1860 laten-

155 1885 236 1946 tibus
259 1885 380 1947 relevet.

102 1987 151 2036 133
242 1973 286 2034 to
310 1973 506 2053 dysintericos
530 1973 688 2035 solitaneos
711 1974 842 2035 cocleam
864 1973 981 2052 plenam
1002 1992 1072 2034 cum
1091 1984 1172 2036 33333
1191 2001 1206 2027 ιι

154 2081 207 2123 sua
226 2064 320 2123 vivam
340 2069 429 2143 teres,
448 2062 483 2122 ad
503 2064 589 2123 cuius
610 2063 727 2141 pondus
745 2062 822 2123 inira
842 2063 952 2141 scripta
971 2064 1042 2122 trita
1061 2064 1172 2124 misce-

154 2150 214 2231 bis,
241 2151 272 2210 id
302 2159 347 2211 est
376 2153 456 2211 casei
482 2154 593 2211 veteris
622 2160 764 2230 quantum
792 2158 838 2211 est
863 2150 979 2211 cocleae
1003 2150 1174 2232 dimidium,

154 2241 201 2297 ovi
224 2237 382 2297 medullam
406 2241 438 2297 in
461 2245 545 2298 aceto
569 2248 691 2318 coctam,
714 2258 819 2318 panem
840 2239 997 2300 candidum
1017 2245 1173 2301 vetustum

153 2324 200 2384 vel
224 2331 335 2384 tostum
360 2325 418 2405 vel,
442 2325 520 2403 quod
544 2335 590 2386 est
613 2327 732 2407 melius,
756 2329 923 2406 nauticum,
946 2336 1057 2407 rutam,
1081 2329 1173 2407 piper

155 2431 191 2473 ex
214 2414 296 2493 vino;
320 2412 398 2490 quod
423 2430 492 2472 cum
514 2415 599 2492 prius
620 2414 700 2475 terro
720 2415 858 2475 candenti
877 2416 1057 2496 calefeceris
1080 2420 1199 2493 potuis

157 2504 220 2561 sine
245 2519 319 2580 aqua
343 2499 536 2584 ministrabis,
560 2502 611 2562 sed
631 2511 661 2563 et
680 2502 767 2564 bacas
786 2512 915 2583 myrteas
935 2503 1052 2563 adicies.
1088 2503 1174 2566 Haec

157 2592 255 2650 omnia
279 2597 416 2650 conteres
440 2596 470 2650 et
493 2591 525 2651 in
547 2592 668 2669 potione
690 2594 752 2652 vini
774 2594 883 2652 veteris
906 2593 1006 2653 ieiuno
1030 2591 1125 2652 dabis.

103 2692 155 2741 134
244 2679 288 2740 Ad
307 2697 367 2759 eos,
392 2681 444 2758 qui
463 2681 635 2757 sanguinem
654 2698 709 2760 per
726 2682 901 2741 intestinum
920 2683 1031 2741 iactant
1048 2679 1095 2746 vel
1114 2700 1174 2759 per

155 2778 329 2848 corruptum
353 2785 462 2848 corpus
485 2769 610 2828 inferius
634 2769 799 2848 effundunt,
821 2768 988 2828 remedium
1011 2770 1067 2829 sic:
1093 2767 1195 2842 flea,

153 2857 208 2918 bae
232 2860 345 2918 urticae
369 2856 517 2917 masculae
541 2859 726 2918 summitates
749 2863 867 2917 teneras
891 2856 1012 2936 colliges
1039 2865 1070 2916 et
1093 2875 1167 2918 con·
1185 2879 1207 2918 s·

154 2947 262 3007 tundes
291 2963 456 3024 sucumque
484 2947 549 3005 eius
578 2963 751 3024 expressum
778 2963 833 3023 per
860 2943 994 3005 triduum
1018 2946 1171 3007 ministra-

154 3035 200 3094 bis
216 3034 392 3114 bibendum3
408 3036 432 3094 si
448 3043 546 3094 autem
560 3052 629 3094 cum
644 3052 719 3112 aqna
734 3032 842 3111 frigida
856 3042 907 3094 aut
922 3041 1005 3094 aceto
1020 3036 1170 3096 acerrimo

155 3131 205 3181 aut
227 3141 318 3201 posca
341 3122 447 3200 frigida
472 3121 501 3182 id
525 3124 573 3183 ius
596 3125 721 3183 mixtum
745 3121 876 3201 dederis,
905 3123 1039 3200 quamvis
1062 3122 1171 3203 despe-

156 3216 235 3268 ratos
259 3210 295 3269 de
320 3227 410 3286 supra
434 3211 544 3288 scripta
567 3212 737 3271 infirmitate
760 3211 897 3289 protinus
920 3208 1069 3270 liberabis.

244 3411 368 3480 specui.
428 3417 462 3466 16
483 3412 519 3466 ab
537 3414 580 3484 re]
599 3415 711 3470 habere.
771 3420 806 3468 20
825 3415 968 3470 solitarios.
1023 3420 1057 3469 22
1076 3417 1170 3477 vetus.

155 3487 189 3535 23
209 3481 359 3536 canditum.
432 3486 467 3536 25
485 3499 519 3538 ex
537 3484 602 3540 vino
620 3500 670 3540 one.
