2422 3878
510 153 706 215 ..p-

64 333 83 382 1
102 315 236 375 cessione
251 330 337 392 opem
352 314 550 372 necessariam
564 315 808 392 curationemque
823 313 993 393 praestabit.
1020 314 1113 375 Cuius

102 403 243 464 scientiae
262 401 406 461 beneficia
421 402 484 461 1166
504 408 606 461 mutua
625 403 756 462 caritatis
775 402 920 462 humanae
937 420 1005 463 61161
1020 405 1114 462 611161-

100 491 157 551 bus
180 490 315 569 infirmis,
339 491 451 570 amiciS,
474 491 553 549 notis
577 491 755 570 ignotisque,
778 492 868 551 immo
887 509 956 550 1616
976 509 1045 551 6616
1064 491 1114 551 ad-

100 580 183 638 venis
206 580 300 656 magis
324 585 354 637 61
377 577 566 657 pauperculis
590 581 809 638 communicare
834 577 961 659 debetis,
990 581 1059 658 quia
1083 587 1114 640 et

101 667 157 728 deo
177 669 327 746 acceptior
342 673 371 726 61
385 666 499 725 homini
512 665 687 726 laudabilior
701 667 914 747 misericordia,
933 685 1008 749 quae
1024 686 1113 746 aegro
1128 689 1142 729 s

64 771 81 820 o
100 755 213 834 hospiti
231 773 265 815 ac
284 757 443 833 peregrino
458 772 611 832 egenoque
626 754 768 815 defertur.
798 754 904 814 Moneo
919 773 999 837 sane,
1014 757 1040 815 si
1055 775 1114 835 qua

100 845 213 904 suerint
231 842 360 921 paranda
379 842 582 922 medicamina,
601 860 639 903 ne
653 843 765 922 absque
779 843 894 903 medico
914 845 1114 904 6611666116-

101 934 164 994 sius
192 939 398 1010 oonponantur
426 939 477 992 aut
503 929 694 1009 indiligenter
720 930 894 992 habeantur.
941 931 1014 992 Nam
1044 931 1115 993 11661

101 1021 298 1082 attentissime
322 1021 437 1098 species
461 1028 490 1080 et
514 1037 668 1080 mensuras
692 1022 860 1098 specierum
885 1020 1024 1081 remediis
1049 1023 1114 1099 qui·

100 1110 216 1187 busque
236 1108 422 1187 adscripsero
443 1115 473 1168 et
491 1110 624 1187 ipsarum
643 1126 852 1169 mensurarum
872 1116 958 1168 notas
977 1108 1022 1168 161
1040 1128 1113 1187 pon·
1129 1131 1156 1170 16

101 1198 206 1258 derum
230 1196 386 1275 qualitates
410 1196 573 1257 secundum
597 1195 739 1257 Graecam
762 1197 952 1257 traditionem
974 1205 1003 1257 61
1022 1197 1113 1257 616111-

101 1303 205 1347 corum
229 1292 362 1345 veterum
387 1284 634 1345 consuetudinem
663 1302 798 1346 seorsum
821 1284 919 1345 libello
943 1285 1013 1345 huic
1035 1287 1113 1345 inse·

101 1391 190 1434 111616
214 1382 325 1433 61666
349 1372 444 1433 661661
467 1373 607 1453 1161116611,
630 1373 683 1434 sed
706 1375 796 1433 etiam
819 1373 905 1434 Graia
929 1375 1114 1452 expositione

101 1463 263 1543 digessero,
287 1471 385 1522 tamen
405 1480 420 1522 e
440 1479 472 1521 re
492 1469 546 1542 est,
563 1468 597 1522 ut
615 1462 688 1522 haec
708 1461 810 1522 eadem
830 1480 898 1522 cum
919 1461 1113 1540 peritioribus

101 1552 293 1613 conferantur
317 1569 350 1611 ac
374 1552 493 1628 saepius
515 1557 717 1611 retractentur
740 1557 770 1611 et
794 1569 868 1629 quae
892 1551 1026 1610 conlecta
1049 1549 1112 1610 luc·
1128 1570 1155 1611 15

101 1642 163 1700 rint
185 1638 231 1700 161
253 1648 355 1718 parata
378 1639 572 1699 medicamina
595 1637 651 1698 sub
671 1639 830 1716 signaculis
849 1657 967 1717 semper
986 1638 1113 1698 habean-

101 1736 165 1808 tur,
188 1745 226 1788 ne
250 1734 301 1788 aut
324 1745 411 1787 casus
434 1727 547 1787 incidat
569 1735 621 1787 aut
644 1726 809 1804 malignitas
833 1725 958 1787 alicuius
981 1726 1113 1807 obrepat,

102 1835 176 1896 quae
205 1812 342 1877 benivole
367 1823 397 1874 61
420 1816 536 1875 6166616
561 1822 662 1893 parata
685 1822 865 1896 corrumpat,
890 1817 987 1894 sitque
1011 1814 1047 1874 de
1068 1833 1113 1875 re·

101 1905 198 1965 medio
227 1921 373 1963 venenum
406 1911 436 1963 61
466 1903 502 1963 de
534 1902 707 1964 salubritate
736 1905 886 1983 pernicies
916 1905 1113 1982 culpeturque

66 1993 261 2072 omedicina,
294 2009 362 2051 oum
398 1993 531 2070 peccarit
566 1993 689 2052 incuria.
739 1991 773 2052 ln
806 2009 920 2052 summa
958 2010 1006 2051 616
1039 1992 1112 2052 haec
1128 2011 1155 2052 16

101 2082 228 2159 benigne
251 2097 371 2159 parasse
391 2086 538 2140 ettamen
558 2079 713 2159 superbis
732 2083 884 2141 1666111666
903 2080 1040 2159 sufficiet,
1062 2099 1114 2140 166

101 2170 224 2250 perinde
253 2170 372 2229 sanitati
400 2176 515 2228 vestrae
543 2176 631 2247 atque
660 2171 793 2247 opinioni
820 2187 902 2229 meae
927 2167 1113 2229 consuluisse

102 2259 266 2319 conveniet.
295 2256 445 2334 Epistulas
460 2275 579 2336 quoque
593 2275 706 2331 eorum,
727 2275 853 2336 quorum
868 2258 1000 2318 studium
1015 2275 1113 2317 aemu-

101 2346 194 2407 latum
217 2363 264 2405 me
288 2362 353 2405 esse
381 2348 501 2426 scripsi,
529 2346 598 2406 huic
622 2347 719 2427 operi,
747 2363 785 2406 ne
814 2345 885 2424 quid
908 2345 1040 2426 deesset,
1064 2346 1112 2406 ad-

101 2436 172 2516 ieci,
197 2451 322 2512 quarum
345 2432 433 2494 lectio
457 2442 488 2494 et
509 2435 634 2495 incitare
658 2453 710 2494 166
733 2433 770 2494 ad
793 2437 990 2495 necessariam
1014 2436 1114 2511 cogni·
1128 2453 1153 2493 aa

67 2542 82 2591 1
102 2525 214 2584 1166616
237 2531 266 2583 61
289 2524 440 2582 166116616
459 2524 569 2601 poterit
587 2522 623 2582 ad
643 2521 777 2584 salutem.
814 2521 975 2583 versiculis
994 2540 1113 2600 quoque

101 2611 227 2672 lusimus
246 2612 420 2690 migmatum
434 2619 464 2671 61
482 2613 650 2690 specierum
668 2610 834 2689 digestione
853 2611 1033 2689 compositis,
1053 2626 1114 2670 non

102 2699 181 2779 quod
205 2700 244 2759 sit
267 2699 387 2778 dignum
407 2699 517 2778 aliquid
536 2701 567 2758 in
587 2702 727 2782 carmine,
746 2699 798 2760 sed
817 2707 851 2759 ut
868 2698 1010 2758 lectorem
1030 2715 1113 2758 scru-

101 2796 287 2867 tatoremque
314 2788 404 2849 huius
433 2790 531 2866 operis
560 2795 589 2847 et
616 2806 720 2866 poema
748 2786 879 2867 pelliciat
906 2794 937 2847 61
964 2789 1112 2866 exoptatio

101 2877 207 2939 blanda
235 2876 381 2938 conciliet.
424 2876 509 2948 Quod
538 2876 714 2955 opusculum
741 2878 772 2936 in
795 2877 895 2937 infima
918 2882 1003 2954 parte
1025 2875 1155 2935 11616666

103 2966 214 3027 codicis
242 2964 395 3047 collocavi,
423 2973 452 3026 et
481 2973 514 3025 111
542 2983 678 3026 66161666
707 2972 810 3026 666116
838 2981 928 3043 opera
954 2962 1027 3023 haec
1056 2962 1112 3023 sol·

102 3052 188 3113 lertia
212 3060 312 3112 nostra
337 3056 499 3133 composita
523 3052 698 3114 claudantur
718 3060 747 3114 61
766 3071 860 3131 nugas
879 3059 996 3113 nostras
1015 3051 1113 3112 11111111-

102 3139 170 3219 plex
193 3138 333 3200 loliorum
356 3140 432 3201 celet
456 3142 598 3203 obiectus.
1128 3152 1130 3154 ’
