<?xml version="1.0" encoding="UTF-8"?>
<!DOCTYPE html PUBLIC "-//W3C//DTD XHTML 1.0 Transitional//EN"
    "http://www.w3.org/TR/xhtml1/DTD/xhtml1-transitional.dtd">
<html xmlns="http://www.w3.org/1999/xhtml" xml:lang="en" lang="en">
 <head>
  <title>
</title>
<meta http-equiv="Content-Type" content="text/html;charset=utf-8" />
  <meta name='ocr-system' content='tesseract 3.04.00' />
  <meta name='ocr-capabilities' content='ocr_page ocr_carea ocr_par ocr_line ocrx_word'/>
</head>
<body>
  <div class='ocr_page' id='page_1' title='image "./marcellidemedic00helmgoog/marcellidemedic00helmgoog_0183.png"; bbox 0 0 2422 3878; ppageno 0'>
   <div class='ocr_carea' id='block_1_1' title="bbox 503 125 741 187">
    <p class='ocr_par' dir='ltr' id='par_1_1' title="bbox 503 125 741 187">
     <span class='ocr_line' id='line_1_1' title="bbox 503 125 741 187; baseline 0.004 -1"><span class='ocrx_word' id='word_1_1' title='bbox 503 125 741 187; x_wconf 80' lang='lat'>—170—</span> 
     </span>
    </p>
   </div>
   <div class='ocr_carea' id='block_1_2' title="bbox 528 301 716 363">
    <p class='ocr_par' dir='ltr' id='par_1_2' title="bbox 528 301 716 363">
     <span class='ocr_line' id='line_1_2' title="bbox 528 301 716 363; baseline 0 0"><span class='ocrx_word' id='word_1_2' title='bbox 528 302 607 363; x_wconf 82' lang='lat' dir='ltr'><strong>CAP.</strong></span> <span class='ocrx_word' id='word_1_3' title='bbox 631 301 716 363; x_wconf 85' lang='lat' dir='ltr'>XVII.</span> 
     </span>
    </p>
   </div>
   <div class='ocr_carea' id='block_1_3' title="bbox 114 413 1128 925">
    <p class='ocr_par' dir='ltr' id='par_1_3' title="bbox 115 413 1128 482">
     <span class='ocr_line' id='line_1_3' title="bbox 115 413 1128 482; baseline 0.004 -14"><span class='ocrx_word' id='word_1_4' title='bbox 115 414 168 468; x_wconf 84' lang='lat' dir='ltr'><strong>Ad</strong></span> <span class='ocrx_word' id='word_1_5' title='bbox 187 413 391 482; x_wconf 85' lang='lat' dir='ltr'><strong>suspiriosos</strong></span> <span class='ocrx_word' id='word_1_6' title='bbox 409 414 467 468; x_wconf 88' lang='lat' dir='ltr'><strong>vel</strong></span> <span class='ocrx_word' id='word_1_7' title='bbox 484 415 528 470; x_wconf 87' lang='lat' dir='ltr'><strong>ad</strong></span> <span class='ocrx_word' id='word_1_8' title='bbox 548 415 751 482; x_wconf 77' lang='lat' dir='ltr'><strong>dyspnoicos</strong></span> <span class='ocrx_word' id='word_1_9' title='bbox 765 416 799 469; x_wconf 87' lang='lat' dir='ltr'><strong>et</strong></span> <span class='ocrx_word' id='word_1_10' title='bbox 813 415 858 470; x_wconf 87' lang='lat' dir='ltr'><strong>ad</strong></span> <span class='ocrx_word' id='word_1_11' title='bbox 872 428 991 470; x_wconf 87' lang='lat' dir='ltr'><strong>omnes</strong></span> <span class='ocrx_word' id='word_1_12' title='bbox 1007 428 1128 472; x_wconf 80' lang='lat' dir='ltr'><strong>causas</strong></span> 
     </span>
    </p>

    <p class='ocr_par' dir='ltr' id='par_1_4' title="bbox 115 501 1128 572">
     <span class='ocr_line' id='line_1_4' title="bbox 115 501 1128 572; baseline 0.004 -15"><span class='ocrx_word' id='word_1_13' title='bbox 115 501 327 568; x_wconf 82' lang='lat' dir='ltr'><strong>anteriorum,</strong></span> <span class='ocrx_word' id='word_1_14' title='bbox 351 503 393 557; x_wconf 88' lang='lat' dir='ltr'><strong>de</strong></span> <span class='ocrx_word' id='word_1_15' title='bbox 416 501 542 572; x_wconf 88' lang='lat' dir='ltr'><strong>quibus</strong></span> <span class='ocrx_word' id='word_1_16' title='bbox 563 502 672 572; x_wconf 87' lang='lat' dir='ltr'><strong>ruptis</strong></span> <span class='ocrx_word' id='word_1_17' title='bbox 694 503 832 572; x_wconf 81' lang='lat' dir='ltr'><strong>sanguis</strong></span> <span class='ocrx_word' id='word_1_18' title='bbox 855 506 1001 572; x_wconf 86' lang='lat' dir='ltr'><strong>emanat,</strong></span> <span class='ocrx_word' id='word_1_19' title='bbox 1025 507 1060 559; x_wconf 87' lang='lat' dir='ltr'><strong>et</strong></span> <span class='ocrx_word' id='word_1_20' title='bbox 1083 507 1128 561; x_wconf 91' lang='lat' dir='ltr'><strong>ad</strong></span> 
     </span>
    </p>

    <p class='ocr_par' dir='ltr' id='par_1_5' title="bbox 114 590 1128 660">
     <span class='ocr_line' id='line_1_5' title="bbox 114 590 1128 660; baseline 0.005 -16"><span class='ocrx_word' id='word_1_21' title='bbox 114 591 265 646; x_wconf 85' lang='lat' dir='ltr'><strong>vomitus</strong></span> <span class='ocrx_word' id='word_1_22' title='bbox 291 590 540 658; x_wconf 80' lang='lat' dir='ltr'><strong>restringendos</strong></span> <span class='ocrx_word' id='word_1_23' title='bbox 572 593 607 646; x_wconf 86' lang='lat' dir='ltr'><strong>et</strong></span> <span class='ocrx_word' id='word_1_24' title='bbox 634 593 868 660; x_wconf 77' lang='lat' dir='ltr'><strong>provocandos</strong></span> <span class='ocrx_word' id='word_1_25' title='bbox 901 595 936 647; x_wconf 87' lang='lat' dir='ltr'><strong>et</strong></span> <span class='ocrx_word' id='word_1_26' title='bbox 963 593 1007 647; x_wconf 92' lang='lat' dir='ltr'><strong>ad</strong></span> <span class='ocrx_word' id='word_1_27' title='bbox 1035 594 1128 649; x_wconf 85' lang='lat' dir='ltr'><strong>sitim</strong></span> 
     </span>
    </p>

    <p class='ocr_par' dir='ltr' id='par_1_6' title="bbox 115 678 1128 748">
     <span class='ocr_line' id='line_1_6' title="bbox 115 678 1128 748; baseline 0.001 -13"><span class='ocrx_word' id='word_1_28' title='bbox 115 681 297 736; x_wconf 83' lang='lat' dir='ltr'><strong>arcendam</strong></span> <span class='ocrx_word' id='word_1_29' title='bbox 312 681 347 733; x_wconf 87' lang='lat' dir='ltr'><strong>et</strong></span> <span class='ocrx_word' id='word_1_30' title='bbox 360 678 403 733; x_wconf 92' lang='lat' dir='ltr'><strong>ad</strong></span> <span class='ocrx_word' id='word_1_31' title='bbox 416 678 586 748; x_wconf 81' lang='lat' dir='ltr'><strong>singultus</strong></span> <span class='ocrx_word' id='word_1_32' title='bbox 599 680 801 736; x_wconf 88' lang='lat' dir='ltr'><strong>inhibendos</strong></span> <span class='ocrx_word' id='word_1_33' title='bbox 817 682 852 735; x_wconf 89' lang='lat' dir='ltr'><strong>et</strong></span> <span class='ocrx_word' id='word_1_34' title='bbox 866 682 909 736; x_wconf 87' lang='lat' dir='ltr'><strong>ad</strong></span> <span class='ocrx_word' id='word_1_35' title='bbox 923 682 1128 737; x_wconf 71' lang='lat' dir='ltr'><strong>saumaticos</strong></span> 
     </span>
    </p>

    <p class='ocr_par' dir='ltr' id='par_1_7' title="bbox 115 745 1128 925">
     <span class='ocr_line' id='line_1_7' title="bbox 115 745 1128 837; baseline 0.002 -15"><span class='ocrx_word' id='word_1_36' title='bbox 115 771 150 823; x_wconf 89' lang='lat' dir='ltr'><strong>et</strong></span> <span class='ocrx_word' id='word_1_37' title='bbox 177 770 221 824; x_wconf 91' lang='lat' dir='ltr'><strong>ad</strong></span> <span class='ocrx_word' id='word_1_38' title='bbox 242 767 360 822; x_wconf 87' lang='lat' dir='ltr'><strong>vulsos</strong></span> <span class='ocrx_word' id='word_1_39' title='bbox 382 768 532 823; x_wconf 87' lang='lat' dir='ltr'><strong>remedia</strong></span> <span class='ocrx_word' id='word_1_40' title='bbox 549 745 762 823; x_wconf 60' lang='lat' dir='ltr'><strong>rdtionabilia</strong></span> <span class='ocrx_word' id='word_1_41' title='bbox 780 771 816 823; x_wconf 87' lang='lat' dir='ltr'><strong>et</strong></span> <span class='ocrx_word' id='word_1_42' title='bbox 833 770 973 837; x_wconf 77' lang='lat' dir='ltr'><strong>physica</strong></span> <span class='ocrx_word' id='word_1_43' title='bbox 993 770 1128 825; x_wconf 86' lang='lat' dir='ltr'><strong>diversa</strong></span> 
     </span>
     <span class='ocr_line' id='line_1_8' title="bbox 461 855 778 925; baseline 0 -14"><span class='ocrx_word' id='word_1_44' title='bbox 461 857 503 911; x_wconf 90' lang='lat' dir='ltr'><strong>de</strong></span> <span class='ocrx_word' id='word_1_45' title='bbox 527 855 778 925; x_wconf 79' lang='lat' dir='ltr'><strong>experimentis.</strong></span> 
     </span>
    </p>
   </div>
   <div class='ocr_carea' id='block_1_4' title="bbox 79 988 1167 3103">
    <p class='ocr_par' dir='ltr' id='par_1_8' title="bbox 81 988 1151 1510">
     <span class='ocr_line' id='line_1_9' title="bbox 81 988 1125 1068; baseline 0 -20"><span class='ocrx_word' id='word_1_46' title='bbox 81 1000 94 1049; x_wconf 90' lang='lat'>1</span> <span class='ocrx_word' id='word_1_47' title='bbox 203 989 247 1048; x_wconf 81' lang='lat' dir='ltr'><strong>Ad</strong></span> <span class='ocrx_word' id='word_1_48' title='bbox 267 991 427 1068; x_wconf 91' lang='lat' dir='ltr'><strong>suspirium</strong></span> <span class='ocrx_word' id='word_1_49' title='bbox 447 990 518 1051; x_wconf 83' lang='lat' dir='ltr'><strong>lacit</strong></span> <span class='ocrx_word' id='word_1_50' title='bbox 541 989 616 1051; x_wconf 88' lang='lat' dir='ltr'><strong>bene</strong></span> <span class='ocrx_word' id='word_1_51' title='bbox 640 996 765 1068; x_wconf 88' lang='lat' dir='ltr'><strong>acetum,</strong></span> <span class='ocrx_word' id='word_1_52' title='bbox 786 989 865 1066; x_wconf 88' lang='lat' dir='ltr'><strong>quod</strong></span> <span class='ocrx_word' id='word_1_53' title='bbox 885 988 1052 1048; x_wconf 88' lang='lat' dir='ltr'><strong>scilliticum</strong></span> <span class='ocrx_word' id='word_1_54' title='bbox 1079 1010 1125 1048; x_wconf 89' lang='lat' dir='ltr'><strong>vu-</strong></span> 
     </span>
     <span class='ocr_line' id='line_1_10' title="bbox 115 1075 1126 1156; baseline -0.003 -18"><span class='ocrx_word' id='word_1_55' title='bbox 115 1085 191 1156; x_wconf 70' lang='lat' dir='ltr'><strong>crani,</strong></span> <span class='ocrx_word' id='word_1_56' title='bbox 215 1076 353 1137; x_wconf 84' lang='lat' dir='ltr'><strong>cocliaria</strong></span> <span class='ocrx_word' id='word_1_57' title='bbox 373 1084 420 1137; x_wconf 90' lang='lat' dir='ltr'><strong>ter</strong></span> <span class='ocrx_word' id='word_1_58' title='bbox 438 1087 578 1156; x_wconf 87' lang='lat' dir='ltr'><strong>quaterve</strong></span> <span class='ocrx_word' id='word_1_59' title='bbox 602 1084 754 1156; x_wconf 90' lang='lat' dir='ltr'><strong>sumptum</strong></span> <span class='ocrx_word' id='word_1_60' title='bbox 772 1076 808 1135; x_wconf 89' lang='lat' dir='ltr'><strong>ad</strong></span> <span class='ocrx_word' id='word_1_61' title='bbox 827 1075 914 1135; x_wconf 89' lang='lat' dir='ltr'><strong>diem.</strong></span> <span class='ocrx_word' id='word_1_62' title='bbox 951 1075 1076 1135; x_wconf 85' lang='lat' dir='ltr'><strong>Prodest</strong></span> <span class='ocrx_word' id='word_1_63' title='bbox 1095 1086 1126 1135; x_wconf 89' lang='lat' dir='ltr'><strong>et</strong></span> 
     </span>
     <span class='ocr_line' id='line_1_11' title="bbox 115 1164 1124 1244; baseline -0.004 -18"><span class='ocrx_word' id='word_1_64' title='bbox 115 1165 197 1226; x_wconf 91' lang='lat' dir='ltr'><strong>scilla</strong></span> <span class='ocrx_word' id='word_1_65' title='bbox 220 1164 321 1244; x_wconf 82' lang='lat' dir='ltr'><strong>argilla</strong></span> <span class='ocrx_word' id='word_1_66' title='bbox 346 1165 527 1227; x_wconf 87' lang='lat' dir='ltr'><strong>circumdata</strong></span> <span class='ocrx_word' id='word_1_67' title='bbox 552 1172 582 1225; x_wconf 88' lang='lat' dir='ltr'><strong>et</strong></span> <span class='ocrx_word' id='word_1_68' title='bbox 600 1166 687 1226; x_wconf 81' lang='lat' dir='ltr'><strong>furno</strong></span> <span class='ocrx_word' id='word_1_69' title='bbox 707 1171 790 1225; x_wconf 88' lang='lat' dir='ltr'><strong>cocta</strong></span> <span class='ocrx_word' id='word_1_70' title='bbox 813 1165 947 1242; x_wconf 80' lang='lat' dir='ltr'><strong>purgatis</strong></span> <span class='ocrx_word' id='word_1_71' title='bbox 971 1165 1124 1223; x_wconf 83' lang='lat' dir='ltr'><strong>exteriori·</strong></span> 
     </span>
     <span class='ocr_line' id='line_1_12' title="bbox 114 1252 1124 1333; baseline -0.002 -19"><span class='ocrx_word' id='word_1_72' title='bbox 114 1253 170 1314; x_wconf 91' lang='lat' dir='ltr'><strong>bus</strong></span> <span class='ocrx_word' id='word_1_73' title='bbox 194 1252 396 1331; x_wconf 84' lang='lat' dir='ltr'><strong>putaminibus</strong></span> <span class='ocrx_word' id='word_1_74' title='bbox 420 1261 450 1314; x_wconf 89' lang='lat' dir='ltr'><strong>et</strong></span> <span class='ocrx_word' id='word_1_75' title='bbox 472 1254 552 1333; x_wconf 87' lang='lat' dir='ltr'><strong>qnod</strong></span> <span class='ocrx_word' id='word_1_76' title='bbox 576 1256 640 1314; x_wconf 88' lang='lat' dir='ltr'><strong>eius</strong></span> <span class='ocrx_word' id='word_1_77' title='bbox 663 1255 859 1313; x_wconf 85' lang='lat' dir='ltr'><strong>tenerrimum</strong></span> <span class='ocrx_word' id='word_1_78' title='bbox 882 1261 929 1312; x_wconf 85' lang='lat' dir='ltr'><strong>est</strong></span> <span class='ocrx_word' id='word_1_79' title='bbox 951 1255 1056 1311; x_wconf 89' lang='lat' dir='ltr'><strong>tritum</strong></span> <span class='ocrx_word' id='word_1_80' title='bbox 1075 1252 1124 1312; x_wconf 88' lang='lat' dir='ltr'><strong>ad-</strong></span> 
     </span>
     <span class='ocr_line' id='line_1_13' title="bbox 114 1340 1151 1421; baseline -0.004 -18"><span class='ocrx_word' id='word_1_81' title='bbox 114 1344 200 1403; x_wconf 85' lang='lat' dir='ltr'><strong>iectis</strong></span> <span class='ocrx_word' id='word_1_82' title='bbox 223 1341 317 1402; x_wconf 89' lang='lat' dir='ltr'><strong>mellis</strong></span> <span class='ocrx_word' id='word_1_83' title='bbox 331 1344 422 1404; x_wconf 81' lang='lat' dir='ltr'><strong>Attici</strong></span> <span class='ocrx_word' id='word_1_84' title='bbox 441 1343 556 1403; x_wconf 90' lang='lat' dir='ltr'><strong>duabus</strong></span> <span class='ocrx_word' id='word_1_85' title='bbox 574 1343 710 1421; x_wconf 89' lang='lat' dir='ltr'><strong>partibus</strong></span> <span class='ocrx_word' id='word_1_86' title='bbox 729 1350 760 1402; x_wconf 90' lang='lat' dir='ltr'><strong>et</strong></span> <span class='ocrx_word' id='word_1_87' title='bbox 778 1344 854 1402; x_wconf 89' lang='lat' dir='ltr'><strong>aceti</strong></span> <span class='ocrx_word' id='word_1_88' title='bbox 872 1340 943 1401; x_wconf 88' lang='lat' dir='ltr'><strong>boni</strong></span> <span class='ocrx_word' id='word_1_89' title='bbox 961 1359 1020 1400; x_wconf 88' lang='lat' dir='ltr'><strong>una</strong></span> <span class='ocrx_word' id='word_1_90' title='bbox 1038 1349 1123 1418; x_wconf 87' lang='lat' dir='ltr'><strong>parte</strong></span> <span class='ocrx_word' id='word_1_91' title='bbox 1139 1359 1151 1399; x_wconf 87' lang='lat'>5</span> 
     </span>
     <span class='ocr_line' id='line_1_14' title="bbox 114 1429 1125 1510; baseline -0.001 -20"><span class='ocrx_word' id='word_1_92' title='bbox 114 1440 203 1510; x_wconf 88' lang='lat' dir='ltr'><strong>atque</strong></span> <span class='ocrx_word' id='word_1_93' title='bbox 221 1434 262 1491; x_wconf 90' lang='lat' dir='ltr'><strong>ita</strong></span> <span class='ocrx_word' id='word_1_94' title='bbox 280 1431 402 1492; x_wconf 89' lang='lat' dir='ltr'><strong>decocta</strong></span> <span class='ocrx_word' id='word_1_95' title='bbox 421 1440 452 1492; x_wconf 89' lang='lat' dir='ltr'><strong>et</strong></span> <span class='ocrx_word' id='word_1_96' title='bbox 469 1449 524 1510; x_wconf 85' lang='lat' dir='ltr'><strong>per</strong></span> <span class='ocrx_word' id='word_1_97' title='bbox 541 1430 661 1510; x_wconf 84' lang='lat' dir='ltr'><strong>ligulam</strong></span> <span class='ocrx_word' id='word_1_98' title='bbox 675 1449 764 1492; x_wconf 90' lang='lat' dir='ltr'><strong>unam</strong></span> <span class='ocrx_word' id='word_1_99' title='bbox 780 1430 873 1491; x_wconf 88' lang='lat' dir='ltr'><strong>semel</strong></span> <span class='ocrx_word' id='word_1_100' title='bbox 886 1432 918 1489; x_wconf 90' lang='lat' dir='ltr'><strong>in</strong></span> <span class='ocrx_word' id='word_1_101' title='bbox 932 1429 980 1489; x_wconf 90' lang='lat' dir='ltr'><strong>die</strong></span> <span class='ocrx_word' id='word_1_102' title='bbox 1000 1438 1125 1506; x_wconf 89' lang='lat' dir='ltr'><strong>sumpta.</strong></span> 
     </span>
    </p>

    <p class='ocr_par' dir='ltr' id='par_1_9' title="bbox 79 1518 1167 2025">
     <span class='ocr_line' id='line_1_15' title="bbox 79 1518 1127 1599; baseline 0.001 -23"><span class='ocrx_word' id='word_1_103' title='bbox 79 1527 95 1576; x_wconf 80' lang='lat'><strong>2</strong></span> <span class='ocrx_word' id='word_1_104' title='bbox 204 1519 320 1582; x_wconf 82' lang='lat' dir='ltr'><strong>Profuit</strong></span> <span class='ocrx_word' id='word_1_105' title='bbox 342 1520 444 1580; x_wconf 88' lang='lat' dir='ltr'><strong>multis</strong></span> <span class='ocrx_word' id='word_1_106' title='bbox 467 1521 501 1580; x_wconf 92' lang='lat' dir='ltr'><strong>ad</strong></span> <span class='ocrx_word' id='word_1_107' title='bbox 526 1522 689 1599; x_wconf 90' lang='lat' dir='ltr'><strong>suspirium</strong></span> <span class='ocrx_word' id='word_1_108' title='bbox 714 1519 760 1579; x_wconf 89' lang='lat' dir='ltr'><strong>vel</strong></span> <span class='ocrx_word' id='word_1_109' title='bbox 779 1519 958 1598; x_wconf 79' lang='lat' dir='ltr'><strong>dyspnoeam</strong></span> <span class='ocrx_word' id='word_1_110' title='bbox 978 1518 1127 1595; x_wconf 87' lang='lat' dir='ltr'><strong>depellen-</strong></span> 
     </span>
     <span class='ocr_line' id='line_1_16' title="bbox 116 1606 1126 1688; baseline -0.003 -19"><span class='ocrx_word' id='word_1_111' title='bbox 116 1610 183 1669; x_wconf 87' lang='lat' dir='ltr'><strong>dam</strong></span> <span class='ocrx_word' id='word_1_112' title='bbox 210 1609 311 1687; x_wconf 90' lang='lat' dir='ltr'><strong>pulmo</strong></span> <span class='ocrx_word' id='word_1_113' title='bbox 341 1609 435 1688; x_wconf 85' lang='lat' dir='ltr'><strong>vulpis</strong></span> <span class='ocrx_word' id='word_1_114' title='bbox 459 1609 506 1669; x_wconf 86' lang='lat' dir='ltr'><strong>vel</strong></span> <span class='ocrx_word' id='word_1_115' title='bbox 529 1611 613 1670; x_wconf 86' lang='lat' dir='ltr'><strong>iecur</strong></span> <span class='ocrx_word' id='word_1_116' title='bbox 636 1612 667 1669; x_wconf 91' lang='lat' dir='ltr'><strong>in</strong></span> <span class='ocrx_word' id='word_1_117' title='bbox 690 1606 746 1668; x_wconf 90' lang='lat' dir='ltr'><strong>olla</strong></span> <span class='ocrx_word' id='word_1_118' title='bbox 770 1606 854 1668; x_wconf 85' lang='lat' dir='ltr'><strong>fictili</strong></span> <span class='ocrx_word' id='word_1_119' title='bbox 877 1615 1014 1667; x_wconf 81' lang='lat' dir='ltr'><strong>exustum</strong></span> <span class='ocrx_word' id='word_1_120' title='bbox 1038 1616 1126 1684; x_wconf 88' lang='lat' dir='ltr'><strong>atque</strong></span> 
     </span>
     <span class='ocr_line' id='line_1_17' title="bbox 115 1696 1127 1759; baseline -0.004 -2"><span class='ocrx_word' id='word_1_121' title='bbox 115 1698 151 1757; x_wconf 88' lang='lat' dir='ltr'><strong>ad</strong></span> <span class='ocrx_word' id='word_1_122' title='bbox 180 1701 311 1758; x_wconf 85' lang='lat' dir='ltr'><strong>cinerem</strong></span> <span class='ocrx_word' id='word_1_123' title='bbox 339 1698 493 1759; x_wconf 88' lang='lat' dir='ltr'><strong>redactum</strong></span> <span class='ocrx_word' id='word_1_124' title='bbox 521 1707 551 1758; x_wconf 85' lang='lat' dir='ltr'><strong>ct</strong></span> <span class='ocrx_word' id='word_1_125' title='bbox 578 1697 679 1758; x_wconf 91' lang='lat' dir='ltr'><strong>datum</strong></span> <span class='ocrx_word' id='word_1_126' title='bbox 703 1696 739 1756; x_wconf 91' lang='lat' dir='ltr'><strong>ad</strong></span> <span class='ocrx_word' id='word_1_127' title='bbox 763 1696 842 1756; x_wconf 90' lang='lat' dir='ltr'><strong>diem</strong></span> <span class='ocrx_word' id='word_1_128' title='bbox 864 1697 964 1756; x_wconf 89' lang='lat' dir='ltr'><strong>ieiuno</strong></span> <span class='ocrx_word' id='word_1_129' title='bbox 987 1712 1127 1754; x_wconf 84' lang='lat' dir='ltr'><strong>mensura</strong></span> 
     </span>
     <span class='ocr_line' id='line_1_18' title="bbox 116 1781 1167 1864; baseline -0.007 -17"><span class='ocrx_word' id='word_1_130' title='bbox 116 1785 322 1847; x_wconf 89' lang='lat' dir='ltr'><strong>cocliaricrum</strong></span> <span class='ocrx_word' id='word_1_131' title='bbox 346 1788 438 1847; x_wconf 91' lang='lat' dir='ltr'><strong>trium</strong></span> <span class='ocrx_word' id='word_1_132' title='bbox 461 1805 528 1847; x_wconf 93' lang='lat' dir='ltr'><strong>cum</strong></span> <span class='ocrx_word' id='word_1_133' title='bbox 552 1805 645 1864; x_wconf 89' lang='lat' dir='ltr'><strong>aquae</strong></span> <span class='ocrx_word' id='word_1_134' title='bbox 667 1784 781 1864; x_wconf 78' lang='lat' dir='ltr'><strong>cyathis</strong></span> <span class='ocrx_word' id='word_1_135' title='bbox 805 1783 910 1864; x_wconf 85' lang='lat' dir='ltr'><strong>trihus,</strong></span> <span class='ocrx_word' id='word_1_136' title='bbox 934 1786 961 1844; x_wconf 92' lang='lat' dir='ltr'><strong>si</strong></span> <span class='ocrx_word' id='word_1_137' title='bbox 978 1781 1167 1842; x_wconf 80' lang='lat' dir='ltr'><strong>febricitare</strong></span> 
     </span>
     <span class='ocr_line' id='line_1_19' title="bbox 114 1872 1128 1955; baseline -0.003 -21"><span class='ocrx_word' id='word_1_138' title='bbox 114 1874 172 1936; x_wconf 87' lang='lat' dir='ltr'><strong>bit:</strong></span> <span class='ocrx_word' id='word_1_139' title='bbox 191 1877 217 1934; x_wconf 90' lang='lat' dir='ltr'><strong>si</strong></span> <span class='ocrx_word' id='word_1_140' title='bbox 236 1877 372 1935; x_wconf 89' lang='lat' dir='ltr'><strong>sincerus</strong></span> <span class='ocrx_word' id='word_1_141' title='bbox 392 1877 457 1955; x_wconf 87' lang='lat' dir='ltr'><strong>crit,</strong></span> <span class='ocrx_word' id='word_1_142' title='bbox 477 1893 513 1935; x_wconf 84' lang='lat' dir='ltr'><strong>ex</strong></span> <span class='ocrx_word' id='word_1_143' title='bbox 532 1877 600 1934; x_wconf 87' lang='lat' dir='ltr'><strong>vino</strong></span> <span class='ocrx_word' id='word_1_144' title='bbox 620 1882 733 1955; x_wconf 81' lang='lat' dir='ltr'><strong>vetere3</strong></span> <span class='ocrx_word' id='word_1_145' title='bbox 752 1874 865 1953; x_wconf 86' lang='lat' dir='ltr'><strong>proluit</strong></span> <span class='ocrx_word' id='word_1_146' title='bbox 883 1880 914 1933; x_wconf 92' lang='lat' dir='ltr'><strong>et</strong></span> <span class='ocrx_word' id='word_1_147' title='bbox 926 1872 1026 1950; x_wconf 90' lang='lat' dir='ltr'><strong>pulmo</strong></span> <span class='ocrx_word' id='word_1_148' title='bbox 1047 1875 1128 1931; x_wconf 89' lang='lat' dir='ltr'><strong>cervi</strong></span> 
     </span>
     <span class='ocr_line' id='line_1_20' title="bbox 115 1963 673 2025; baseline 0.004 -3"><span class='ocrx_word' id='word_1_149' title='bbox 115 1964 219 2025; x_wconf 88' lang='lat' dir='ltr'><strong>eodem</strong></span> <span class='ocrx_word' id='word_1_150' title='bbox 242 1964 330 2023; x_wconf 91' lang='lat' dir='ltr'><strong>modo</strong></span> <span class='ocrx_word' id='word_1_151' title='bbox 353 1964 501 2024; x_wconf 80' lang='lat' dir='ltr'><strong>arefactus</strong></span> <span class='ocrx_word' id='word_1_152' title='bbox 525 1972 555 2024; x_wconf 88' lang='lat' dir='ltr'><strong>et</strong></span> <span class='ocrx_word' id='word_1_153' title='bbox 578 1963 673 2024; x_wconf 88' lang='lat' dir='ltr'><strong>datus.</strong></span> 
     </span>
    </p>

    <p class='ocr_par' dir='ltr' id='par_1_10' title="bbox 80 2047 1167 2656">
     <span class='ocr_line' id='line_1_21' title="bbox 80 2047 1127 2129; baseline 0.001 -23"><span class='ocrx_word' id='word_1_154' title='bbox 80 2059 95 2106; x_wconf 84' lang='grc'>3</span> <span class='ocrx_word' id='word_1_155' title='bbox 203 2051 330 2111; x_wconf 82' lang='lat' dir='ltr'><strong>Prodest</strong></span> <span class='ocrx_word' id='word_1_156' title='bbox 348 2053 520 2129; x_wconf 88' lang='lat' dir='ltr'><strong>suspiriosis</strong></span> <span class='ocrx_word' id='word_1_157' title='bbox 533 2051 590 2110; x_wconf 89' lang='lat' dir='ltr'><strong>hoc</strong></span> <span class='ocrx_word' id='word_1_158' title='bbox 605 2052 855 2112; x_wconf 84' lang='lat' dir='ltr'><strong>medicamentum</strong></span> <span class='ocrx_word' id='word_1_159' title='bbox 870 2049 1035 2110; x_wconf 86' lang='lat' dir='ltr'><strong>evidenter:</strong></span> <span class='ocrx_word' id='word_1_160' title='bbox 1058 2047 1127 2108; x_wconf 80' lang='lat' dir='ltr'><strong>Alu-</strong></span> 
     </span>
     <span class='ocr_line' id='line_1_22' title="bbox 114 2135 1127 2219; baseline -0.001 -22"><span class='ocrx_word' id='word_1_161' title='bbox 114 2140 203 2197; x_wconf 90' lang='lat' dir='ltr'><strong>minis</strong></span> <span class='ocrx_word' id='word_1_162' title='bbox 231 2140 294 2198; x_wconf 90' lang='lat' dir='ltr'><strong>lissi</strong></span> <span class='ocrx_word' id='word_1_163' title='bbox 318 2138 410 2219; x_wconf 83' lang='lat' dir='ltr'><strong>llVl,</strong></span> <span class='ocrx_word' id='word_1_164' title='bbox 439 2141 499 2218; x_wconf 91' lang='lat' dir='ltr'><strong>opii</strong></span> <span class='ocrx_word' id='word_1_165' title='bbox 522 2138 588 2199; x_wconf 77' lang='lat' dir='ltr'><strong>iil.</strong></span> <span class='ocrx_word' id='word_1_166' title='bbox 633 2139 717 2216; x_wconf 80' lang='lat' dir='ltr'><strong>Aqua</strong></span> <span class='ocrx_word' id='word_1_167' title='bbox 740 2140 845 2217; x_wconf 81' lang='lat' dir='ltr'><strong>exigua</strong></span> <span class='ocrx_word' id='word_1_168' title='bbox 868 2140 969 2216; x_wconf 91' lang='lat' dir='ltr'><strong>opium</strong></span> <span class='ocrx_word' id='word_1_169' title='bbox 993 2135 1127 2217; x_wconf 85' lang='lat' dir='ltr'><strong>diluitur,</strong></span> 
     </span>
     <span class='ocr_line' id='line_1_23' title="bbox 115 2225 1167 2304; baseline 0 -21"><span class='ocrx_word' id='word_1_170' title='bbox 115 2226 258 2285; x_wconf 88' lang='lat' dir='ltr'><strong>miscetur</strong></span> <span class='ocrx_word' id='word_1_171' title='bbox 281 2226 403 2286; x_wconf 87' lang='lat' dir='ltr'><strong>alumini</strong></span> <span class='ocrx_word' id='word_1_172' title='bbox 426 2237 494 2288; x_wconf 89' lang='lat' dir='ltr'><strong>ante</strong></span> <span class='ocrx_word' id='word_1_173' title='bbox 517 2229 598 2287; x_wconf 90' lang='lat' dir='ltr'><strong>trito.</strong></span> <span class='ocrx_word' id='word_1_174' title='bbox 635 2226 726 2287; x_wconf 84' lang='lat' dir='ltr'><strong>Fiunt</strong></span> <span class='ocrx_word' id='word_1_175' title='bbox 748 2225 860 2304; x_wconf 80' lang='lat' dir='ltr'><strong>globuli</strong></span> <span class='ocrx_word' id='word_1_176' title='bbox 883 2227 990 2287; x_wconf 85' lang='lat' dir='ltr'><strong>ciceris</strong></span> <span class='ocrx_word' id='word_1_177' title='bbox 1016 2228 1126 2303; x_wconf 84' lang='lat' dir='ltr'><strong>magni·</strong></span> <span class='ocrx_word' id='word_1_178' title='bbox 1142 2244 1167 2283; x_wconf 86' lang='lat'><strong>15</strong></span> 
     </span>
     <span class='ocr_line' id='line_1_24' title="bbox 115 2313 1127 2393; baseline 0.001 -20"><span class='ocrx_word' id='word_1_179' title='bbox 115 2313 226 2392; x_wconf 86' lang='lat' dir='ltr'><strong>tudine,</strong></span> <span class='ocrx_word' id='word_1_180' title='bbox 250 2313 358 2373; x_wconf 89' lang='lat' dir='ltr'><strong>dantur</strong></span> <span class='ocrx_word' id='word_1_181' title='bbox 381 2316 482 2375; x_wconf 88' lang='lat' dir='ltr'><strong>ieiune</strong></span> <span class='ocrx_word' id='word_1_182' title='bbox 501 2321 569 2374; x_wconf 87' lang='lat' dir='ltr'><strong>ante</strong></span> <span class='ocrx_word' id='word_1_183' title='bbox 589 2313 689 2375; x_wconf 90' lang='lat' dir='ltr'><strong>cibum</strong></span> <span class='ocrx_word' id='word_1_184' title='bbox 709 2316 846 2393; x_wconf 86' lang='lat' dir='ltr'><strong>quaterni</strong></span> <span class='ocrx_word' id='word_1_185' title='bbox 865 2323 916 2375; x_wconf 87' lang='lat' dir='ltr'><strong>aut</strong></span> <span class='ocrx_word' id='word_1_186' title='bbox 935 2315 1026 2392; x_wconf 90' lang='lat' dir='ltr'><strong>quini.</strong></span> <span class='ocrx_word' id='word_1_187' title='bbox 1063 2313 1127 2374; x_wconf 84' lang='lat' dir='ltr'><strong>Hoc</strong></span> 
     </span>
     <span class='ocr_line' id='line_1_25' title="bbox 114 2401 1127 2482; baseline 0.003 -23"><span class='ocrx_word' id='word_1_188' title='bbox 114 2401 362 2461; x_wconf 85' lang='lat' dir='ltr'><strong>medicamentum</strong></span> <span class='ocrx_word' id='word_1_189' title='bbox 391 2410 421 2461; x_wconf 91' lang='lat' dir='ltr'><strong>et</strong></span> <span class='ocrx_word' id='word_1_190' title='bbox 448 2403 484 2463; x_wconf 89' lang='lat' dir='ltr'><strong>ad</strong></span> <span class='ocrx_word' id='word_1_191' title='bbox 513 2404 666 2481; x_wconf 85' lang='lat' dir='ltr'><strong>sanguinis</strong></span> <span class='ocrx_word' id='word_1_192' title='bbox 694 2405 881 2482; x_wconf 86' lang='lat' dir='ltr'><strong>eruptionem</strong></span> <span class='ocrx_word' id='word_1_193' title='bbox 914 2421 950 2462; x_wconf 85' lang='lat' dir='ltr'><strong>ex</strong></span> <span class='ocrx_word' id='word_1_194' title='bbox 977 2404 1127 2463; x_wconf 87' lang='lat' dir='ltr'><strong>interiori-</strong></span> 
     </span>
     <span class='ocr_line' id='line_1_26' title="bbox 115 2488 1126 2568; baseline 0 -19"><span class='ocrx_word' id='word_1_195' title='bbox 115 2489 170 2549; x_wconf 91' lang='lat' dir='ltr'><strong>bus</strong></span> <span class='ocrx_word' id='word_1_196' title='bbox 194 2488 329 2566; x_wconf 87' lang='lat' dir='ltr'><strong>partihus</strong></span> <span class='ocrx_word' id='word_1_197' title='bbox 353 2490 424 2550; x_wconf 89' lang='lat' dir='ltr'><strong>lacit</strong></span> <span class='ocrx_word' id='word_1_198' title='bbox 453 2499 483 2550; x_wconf 88' lang='lat' dir='ltr'><strong>et</strong></span> <span class='ocrx_word' id='word_1_199' title='bbox 510 2491 546 2551; x_wconf 91' lang='lat' dir='ltr'><strong>ad</strong></span> <span class='ocrx_word' id='word_1_200' title='bbox 574 2498 706 2551; x_wconf 90' lang='lat' dir='ltr'><strong>veterem</strong></span> <span class='ocrx_word' id='word_1_201' title='bbox 733 2499 847 2552; x_wconf 80' lang='lat' dir='ltr'><strong>tussam</strong></span> <span class='ocrx_word' id='word_1_202' title='bbox 871 2500 901 2552; x_wconf 90' lang='lat' dir='ltr'><strong>et</strong></span> <span class='ocrx_word' id='word_1_203' title='bbox 923 2491 959 2551; x_wconf 92' lang='lat' dir='ltr'><strong>ad</strong></span> <span class='ocrx_word' id='word_1_204' title='bbox 983 2491 1126 2568; x_wconf 89' lang='lat' dir='ltr'><strong>pthisiccs</strong></span> 
     </span>
     <span class='ocr_line' id='line_1_27' title="bbox 114 2577 548 2656; baseline 0.007 -19"><span class='ocrx_word' id='word_1_205' title='bbox 114 2577 159 2637; x_wconf 88' lang='lat' dir='ltr'><strong>vel</strong></span> <span class='ocrx_word' id='word_1_206' title='bbox 184 2577 341 2656; x_wconf 88' lang='lat' dir='ltr'><strong>purulenta</strong></span> <span class='ocrx_word' id='word_1_207' title='bbox 365 2587 548 2640; x_wconf 85' lang='lat' dir='ltr'><strong>excreantes.</strong></span> 
     </span>
    </p>

    <p class='ocr_par' dir='ltr' id='par_1_11' title="bbox 79 2666 1167 3103">
     <span class='ocr_line' id='line_1_28' title="bbox 79 2666 1167 2747; baseline 0.002 -25"><span class='ocrx_word' id='word_1_208' title='bbox 79 2675 97 2722; x_wconf 86' lang='lat'>4</span> <span class='ocrx_word' id='word_1_209' title='bbox 204 2666 266 2728; x_wconf 88' lang='lat' dir='ltr'><strong>Hoc</strong></span> <span class='ocrx_word' id='word_1_210' title='bbox 290 2687 409 2747; x_wconf 86' lang='lat' dir='ltr'><strong>quoquc</strong></span> <span class='ocrx_word' id='word_1_211' title='bbox 433 2668 682 2729; x_wconf 88' lang='lat' dir='ltr'><strong>medicamentum</strong></span> <span class='ocrx_word' id='word_1_212' title='bbox 707 2668 744 2728; x_wconf 91' lang='lat' dir='ltr'><strong>ad</strong></span> <span class='ocrx_word' id='word_1_213' title='bbox 767 2668 929 2745; x_wconf 90' lang='lat' dir='ltr'><strong>suspirium</strong></span> <span class='ocrx_word' id='word_1_214' title='bbox 953 2668 1025 2727; x_wconf 88' lang='lat' dir='ltr'><strong>satis</strong></span> <span class='ocrx_word' id='word_1_215' title='bbox 1049 2686 1127 2726; x_wconf 88' lang='lat' dir='ltr'><strong>com·</strong></span> <span class='ocrx_word' id='word_1_216' title='bbox 1141 2685 1167 2724; x_wconf 82' lang='lat' dir='ltr'><strong>ao</strong></span> 
     </span>
     <span class='ocr_line' id='line_1_29' title="bbox 115 2755 1127 2838; baseline -0.001 -22"><span class='ocrx_word' id='word_1_217' title='bbox 115 2756 202 2816; x_wconf 88' lang='lat' dir='ltr'><strong>mode</strong></span> <span class='ocrx_word' id='word_1_218' title='bbox 225 2757 309 2818; x_wconf 87' lang='lat' dir='ltr'><strong>lacit:</strong></span> <span class='ocrx_word' id='word_1_219' title='bbox 338 2756 475 2837; x_wconf 86' lang='lat' dir='ltr'><strong>Sulpuris</strong></span> <span class='ocrx_word' id='word_1_220' title='bbox 499 2756 564 2838; x_wconf 76' lang='lat' dir='ltr'><strong>iil,</strong></span> <span class='ocrx_word' id='word_1_221' title='bbox 588 2759 660 2818; x_wconf 90' lang='lat' dir='ltr'><strong>nitri</strong></span> <span class='ocrx_word' id='word_1_222' title='bbox 681 2756 707 2816; x_wconf 75' lang='lat' dir='ltr'><strong>ii</strong></span> <span class='ocrx_word' id='word_1_223' title='bbox 725 2756 747 2837; x_wconf 87' lang='lat'><strong>1,</strong></span> <span class='ocrx_word' id='word_1_224' title='bbox 770 2756 904 2817; x_wconf 83' lang='lat' dir='ltr'><strong>abrotani</strong></span> <span class='ocrx_word' id='word_1_225' title='bbox 928 2755 1007 2834; x_wconf 88' lang='lat' dir='ltr'><strong>quod</strong></span> <span class='ocrx_word' id='word_1_226' title='bbox 1031 2755 1127 2816; x_wconf 87' lang='lat' dir='ltr'><strong>trihus</strong></span> 
     </span>
     <span class='ocr_line' id='line_1_30' title="bbox 117 2845 1128 2926; baseline -0.002 -21"><span class='ocrx_word' id='word_1_227' title='bbox 117 2846 216 2924; x_wconf 85' lang='lat' dir='ltr'><strong>digitis</strong></span> <span class='ocrx_word' id='word_1_228' title='bbox 240 2846 442 2925; x_wconf 85' lang='lat' dir='ltr'><strong>conprehendi</strong></span> <span class='ocrx_word' id='word_1_229' title='bbox 460 2848 563 2926; x_wconf 88' lang='lat' dir='ltr'><strong>possit.</strong></span> <span class='ocrx_word' id='word_1_230' title='bbox 596 2845 676 2907; x_wconf 86' lang='lat' dir='ltr'><strong>Haec</strong></span> <span class='ocrx_word' id='word_1_231' title='bbox 696 2845 920 2906; x_wconf 88' lang='lat' dir='ltr'><strong>contunduntur</strong></span> <span class='ocrx_word' id='word_1_232' title='bbox 940 2851 1128 2904; x_wconf 81' lang='lat' dir='ltr'><strong>atteruntur</strong></span> 
     </span>
     <span class='ocr_line' id='line_1_31' title="bbox 116 2932 1128 3017; baseline -0.002 -23"><span class='ocrx_word' id='word_1_233' title='bbox 116 2938 247 3016; x_wconf 79' lang='lat' dir='ltr'><strong>curiosc3</strong></span> <span class='ocrx_word' id='word_1_234' title='bbox 271 2954 338 2996; x_wconf 92' lang='lat' dir='ltr'><strong>cum</strong></span> <span class='ocrx_word' id='word_1_235' title='bbox 362 2954 437 3014; x_wconf 91' lang='lat' dir='ltr'><strong>opus</strong></span> <span class='ocrx_word' id='word_1_236' title='bbox 461 2943 515 3017; x_wconf 84' lang='lat' dir='ltr'><strong>est,</strong></span> <span class='ocrx_word' id='word_1_237' title='bbox 539 2936 646 2996; x_wconf 91' lang='lat' dir='ltr'><strong>dantur</strong></span> <span class='ocrx_word' id='word_1_238' title='bbox 670 2953 705 2995; x_wconf 83' lang='lat' dir='ltr'><strong>ex</strong></span> <span class='ocrx_word' id='word_1_239' title='bbox 726 2934 773 2994; x_wconf 92' lang='lat' dir='ltr'><strong>his</strong></span> <span class='ocrx_word' id='word_1_240' title='bbox 792 2936 892 2994; x_wconf 84' lang='lat' dir='ltr'><strong>ieiuno</strong></span> <span class='ocrx_word' id='word_1_241' title='bbox 912 2934 1050 2993; x_wconf 87' lang='lat' dir='ltr'><strong>cocliaria</strong></span> <span class='ocrx_word' id='word_1_242' title='bbox 1070 2932 1128 2993; x_wconf 89' lang='lat' dir='ltr'><strong>duo</strong></span> 
     </span>
     <span class='ocr_line' id='line_1_32' title="bbox 116 3023 679 3103; baseline 0.007 -22"><span class='ocrx_word' id='word_1_243' title='bbox 116 3041 184 3082; x_wconf 90' lang='lat' dir='ltr'><strong>cum</strong></span> <span class='ocrx_word' id='word_1_244' title='bbox 208 3023 324 3084; x_wconf 88' lang='lat' dir='ltr'><strong>duobus</strong></span> <span class='ocrx_word' id='word_1_245' title='bbox 348 3025 461 3103; x_wconf 83' lang='lat' dir='ltr'><strong>cyathis</strong></span> <span class='ocrx_word' id='word_1_246' title='bbox 484 3026 561 3085; x_wconf 89' lang='lat' dir='ltr'><strong>aceti</strong></span> <span class='ocrx_word' id='word_1_247' title='bbox 583 3024 679 3085; x_wconf 87' lang='lat' dir='ltr'><strong>calidi.</strong></span> 
     </span>
    </p>
   </div>
   <div class='ocr_carea' id='block_1_5' title="bbox 115 3190 1129 3528">
    <p class='ocr_par' dir='ltr' id='par_1_12' title="bbox 115 3190 1128 3398">
     <span class='ocr_line' id='line_1_33' title="bbox 204 3190 1128 3262; baseline 0 -18"><span class='ocrx_word' id='word_1_248' title='bbox 204 3192 261 3245; x_wconf 77' lang='lat' dir='ltr'><strong>u&#39;t..·</strong></span> <span class='ocrx_word' id='word_1_249' title='bbox 286 3191 463 3259; x_wconf 89' lang='lat' dir='ltr'><strong>suspiriosus.</strong></span> <span class='ocrx_word' id='word_1_250' title='bbox 572 3191 751 3262; x_wconf 80' lang='lat' dir='ltr'><strong>arteriornm]</strong></span> <span class='ocrx_word' id='word_1_251' title='bbox 775 3190 941 3245; x_wconf 86' lang='lat' dir='ltr'><strong>arteriarum</strong></span> <span class='ocrx_word' id='word_1_252' title='bbox 966 3190 1128 3246; x_wconf 81' lang='lat' dir='ltr'><strong>Ooruura&#39;us.</strong></span> 
     </span>
     <span class='ocr_line' id='line_1_34' title="bbox 115 3259 1127 3330; baseline 0 -16"><span class='ocrx_word' id='word_1_253' title='bbox 115 3259 251 3329; x_wconf 84' lang='lat' dir='ltr'><strong>vomicas]</strong></span> <span class='ocrx_word' id='word_1_254' title='bbox 270 3262 399 3317; x_wconf 85' lang='lat' dir='ltr'><strong>vomitus.</strong></span> <span class='ocrx_word' id='word_1_255' title='bbox 490 3263 708 3330; x_wconf 74' lang='lat' dir='ltr'><strong>restringendus.</strong></span> <span class='ocrx_word' id='word_1_256' title='bbox 798 3262 1000 3330; x_wconf 84' lang='lat' dir='ltr'><strong>provocandae.</strong></span> <span class='ocrx_word' id='word_1_257' title='bbox 1092 3261 1127 3315; x_wconf 85' lang='lat' dir='ltr'><strong>ad</strong></span> 
     </span>
     <span class='ocr_line' id='line_1_35' title="bbox 116 3329 413 3398; baseline 0.003 -14"><span class='ocrx_word' id='word_1_258' title='bbox 116 3347 165 3384; x_wconf 84' lang='lat' dir='ltr'><strong>cm.</strong></span> <span class='ocrx_word' id='word_1_259' title='bbox 185 3335 248 3383; x_wconf 84' lang='lat' dir='ltr'><strong>autc</strong></span> <span class='ocrx_word' id='word_1_260' title='bbox 267 3329 413 3398; x_wconf 83' lang='lat' dir='ltr'><strong>singultus.</strong></span> 
     </span>
    </p>

    <p class='ocr_par' dir='ltr' id='par_1_13' title="bbox 116 3399 1129 3528">
     <span class='ocr_line' id='line_1_36' title="bbox 206 3399 1129 3472; baseline 0.004 -20"><span class='ocrx_word' id='word_1_261' title='bbox 206 3399 383 3456; x_wconf 88' lang='lat' dir='ltr'><strong>lscillitum.</strong></span> <span class='ocrx_word' id='word_1_262' title='bbox 439 3401 571 3472; x_wconf 71' lang='lat' dir='ltr'><strong>targila.</strong></span> <span class='ocrx_word' id='word_1_263' title='bbox 625 3401 715 3457; x_wconf 85' lang='lat' dir='ltr'><strong>forno.</strong></span> <span class='ocrx_word' id='word_1_264' title='bbox 772 3403 971 3472; x_wconf 77' lang='lat' dir='ltr'><strong>idyspnnam.</strong></span> <span class='ocrx_word' id='word_1_265' title='bbox 1020 3408 1051 3457; x_wconf 92' lang='lat'><strong>11</strong></span> <span class='ocrx_word' id='word_1_266' title='bbox 1067 3419 1129 3456; x_wconf 90' lang='lat' dir='ltr'><strong>sen-</strong></span> 
     </span>
     <span class='ocr_line' id='line_1_37' title="bbox 116 3473 536 3528; baseline 0.01 -5"><span class='ocrx_word' id='word_1_267' title='bbox 116 3487 204 3526; x_wconf 89' lang='lat' dir='ltr'><strong>cerus.</strong></span> <span class='ocrx_word' id='word_1_268' title='bbox 277 3478 311 3526; x_wconf 79' lang='lat'><strong>23</strong></span> <span class='ocrx_word' id='word_1_269' title='bbox 330 3473 385 3527; x_wconf 87' lang='lat' dir='ltr'><strong>duo</strong></span> <span class='ocrx_word' id='word_1_270' title='bbox 405 3490 467 3528; x_wconf 90' lang='lat' dir='ltr'><strong>cum</strong></span> <span class='ocrx_word' id='word_1_271' title='bbox 486 3489 536 3527; x_wconf 88' lang='lat' dir='ltr'><strong>om.</strong></span> 
     </span>
    </p>
   </div>
   <div class='ocr_carea' id='block_1_6' title="bbox 0 0 1216 3878">
    <p class='ocr_par' dir='ltr' id='par_1_14' title="bbox 0 0 1216 3878">
     <span class='ocr_line' id='line_1_38' title="bbox 0 0 1216 3878; baseline 0 0"><span class='ocrx_word' id='word_1_272' title='bbox 0 0 1216 3878; x_wconf 95' lang='lat' dir='ltr'><strong> </strong></span> 
     </span>
    </p>
   </div>
  </div>
 </body>
</html>
