2422 3878
512 85 731 148 -90-

118 253 227 310 simum
250 249 371 309 redacta
394 267 468 327 aqua
492 247 613 326 pluviali
636 247 757 326 colliges
783 256 813 308 et
835 248 954 328 collyria
978 251 1048 310 iude
1073 252 1129 311 for·

65 338 225 418 tetmabis,
249 356 323 416 quae
343 338 373 396 in
394 337 498 397 umbra
518 339 675 397 siccentur.
712 336 873 416 Collyrium
891 341 1011 399 nomine
1030 358 1129 400 mone·

117 445 222 487 meron
246 427 316 486 lacit
339 426 376 486 ad
398 428 528 504 impetus
551 426 737 504 lippitudInis
761 445 797 484 ex
821 444 875 484 ovo
899 429 1066 508 inunctum,
1091 430 1129 489 ita

118 524 151 576 ut
170 533 238 575 cum
258 517 305 574 ovi
324 513 521 594 liquidissimo
541 516 696 574 inumeris
714 514 897 594 lippientem,
920 515 1064 594 pusillum
1084 535 1131 577 su-

118 607 226 664 stineat
253 612 283 664 et
310 606 420 663 iterum
448 621 516 663 eum
544 604 704 684 inungues3
733 621 821 682 quem
847 623 915 664 cum
939 604 985 664 bis
1009 614 1061 665 aut
1085 615 1154 666 terr

117 695 285 772 inumeris,
309 692 412 752 eadem
435 692 482 751 die
505 691 623 752 iubebis
647 691 745 752 lavari.
791 691 853 752 Hoc
881 692 1038 772 collyrium
1061 694 1131 754 lacit

117 782 153 842 ad
177 781 395 842 scabritudiues
419 789 448 841 et
472 780 620 841 diatheses
644 780 786 841 tollendas
810 800 845 840 ex
869 800 944 861 aqua
964 784 1131 863 inunctum,

117 872 225 948 recipit
244 877 343 930 autem
362 869 449 930 baec:
472 868 591 948 Lapidis
615 869 781 929 haematitis
800 868 825 928 Χ
844 869 906 949 Xll,
926 871 1131 950 pompholygis

117 959 142 1018 Χ
162 958 225 1039 Xll,
250 961 329 1020 croci
353 957 378 1016 Χ
398 957 460 1037 Xll,
483 976 599 1037 myrrae
625 957 649 1017 Χ
669 957 731 1037 Xll,
755 960 832 1017 aeris
857 960 917 1018 usti
935 958 961 1017 Χ
977 959 1022 1039 Vl,
1046 961 1132 1020 nardi

118 1049 231 1126 Syriaci
254 1046 280 1106 Χ
300 1045 361 1127 XII,
384 1048 497 1125 piperis
520 1045 579 1106 albi
602 1064 692 1124 grana
715 1045 778 1128 XX,
801 1048 862 1124 opii
886 1046 910 1105 Χ
931 1046 977 1127 Vl,
1001 1051 1131 1126 gummis
1148 1066 1171 1105 ιο

117 1136 143 1195 Χ
164 1135 248 1196 Vllll.
286 1134 365 1195 Haec
389 1137 526 1195 universa
549 1137 580 1193 in
604 1135 758 1213 pulverem
779 1137 987 1196 tenuissimum
1011 1137 1132 1198 redacta

118 1233 220 1302 postea
239 1243 307 1283 cum
326 1223 451 1284 Falerno
471 1226 538 1283 vino
558 1230 694 1283 conteres
709 1233 797 1300 atque
812 1223 881 1283 inde
896 1224 1017 1304 collyria
1032 1225 1132 1305 lacieS,

65 1322 198 1390 itaquae
218 1312 270 1372 diu
284 1314 315 1371 in
331 1312 435 1373 umbra
450 1314 609 1373 siccentur.
639 1309 800 1388 Collyrium
814 1312 860 1372 dia
875 1311 995 1373 libanon
1010 1314 1048 1373 ad
1064 1333 1132 1393 sup-

119 1403 290 1479 purationes
310 1401 464 1462 oculorum
484 1401 642 1461 coniicitur
661 1401 717 1459 sic:
742 1399 878 1460 Cadmiae
897 1400 923 1460 Χ
943 1401 972 1482 8,
991 1421 1132 1463 cerussae

118 1489 143 1549 Χ
162 1489 201 1569 ll,
225 1492 286 1568 opii
309 1489 334 1549 Χ
354 1489 380 1569 l,
403 1492 531 1568 gummis
555 1488 580 1547 Χ
600 1488 633 1568 8,
657 1506 741 1548 rosae
766 1491 862 1549 siccae
886 1489 911 1549 Χ
931 1489 952 1570 Ι,
975 1494 1132 1568 gentianae
1150 1508 1171 1548 u

117 1578 143 1637 Χ
164 1579 197 1659 S,
219 1578 374 1658 pulverem
393 1581 599 1638 tenuissimum
623 1595 658 1636 ex
682 1577 729 1637 bis
752 1577 863 1638 factum
885 1597 952 1639 cum
972 1598 1048 1658 aqua
1067 1579 1132 1658 plu-

66 1668 190 1727 tetviali
217 1677 296 1728 teres
324 1674 354 1726 et
379 1669 420 1726 ita
444 1665 563 1745 collyria
588 1666 684 1743 qualia
707 1665 835 1727 volueris
859 1667 991 1746 effinges.
1038 1668 1132 1748 Colly-

118 1759 197 1816 rium
221 1757 267 1816 dia
291 1754 405 1833 lepidos
428 1757 535 1833 accipit
558 1754 644 1815 baec:
677 1754 765 1815 Croci
787 1754 898 1835 llllll,
922 1758 1021 1834 spicae
1046 1758 1133 1817 nardi

119 1844 144 1903 Χ
163 1845 199 1923 V,
223 1845 354 1904 cadmiae
377 1843 403 1902 Χ
422 1843 435 1902 l
455 1843 488 1922 S,
515 1843 722 1903 haematitidos
746 1842 771 1902 Χ
791 1843 816 1924 l,
843 1846 956 1922 piperis
984 1863 1076 1923 grana
1100 1845 1133 1924 V,

119 1951 234 2012 myrrae
255 1932 280 1992 Χ
298 1931 319 2012 l,
338 1933 415 1991 aeris
436 1933 495 1991 usti
514 1931 539 1990 Χ
559 1931 587 2012 8,
607 1931 721 2010 lepidae
740 1931 802 2012 ΧΙ,
821 1935 949 2011 gummis
963 1932 989 1992 Χ
1005 1933 1026 2012 Ι,
1045 1953 1131 1995 rosae
1147 1953 1172 1991 eo

119 2020 220 2080 viridis
245 2019 382 2080 loliorum
404 2029 599 2098 purgatorum
622 2019 705 2101 llll,
729 2020 811 2101 baec,
835 2029 868 2081 ut
891 2040 982 2099 supra
1005 2021 1041 2082 de
1067 2022 1132 2082 aliis

118 2107 247 2186 collyriis
276 2110 421 2186 scriptum
451 2117 509 2188 est,
537 2111 607 2169 trita
635 2128 710 2187 aqua
739 2109 860 2187 pluviali
887 2110 1008 2188 subiges
1033 2119 1063 2170 et
1091 2114 1131 2171 ita

67 2195 242 2275 1esscollyria
266 2196 416 2257 formabis.
447 2197 606 2275 Collyrium
626 2198 661 2258 ad
680 2197 874 2276 lippitudines
898 2208 927 2258 et
947 2201 1059 2276 primos
1078 2202 1131 2259 im·

118 2293 204 2364 petus
228 2285 383 2345 oculorum
402 2286 559 2346 conficitur
578 2288 634 2346 sic:
657 2287 780 2347 Acaciae
799 2286 825 2346 Χ
843 2286 879 2367 Χ,
902 2288 1032 2348 cadmiae
1052 2307 1131 2348 com·

117 2373 221 2434 bustae
246 2382 276 2433 et
300 2374 336 2433 de
359 2373 434 2435 lacte
459 2393 590 2452 capruno
610 2383 661 2435 aut
680 2375 826 2456 muliebri,
851 2376 929 2453 quod
949 2376 1056 2436 melius
1077 2388 1130 2456 est,
1147 2395 1171 2436 25

118 2465 264 2523 extinctae
289 2470 319 2522 et
341 2470 446 2523 tunsae
470 2471 500 2523 et
519 2463 665 2524 cribratae
686 2472 716 2524 et
734 2463 810 2524 lotae
831 2464 915 2544 bene,
939 2465 1034 2524 donec
1056 2484 1132 2544 aqua

118 2554 182 2611 eius
205 2551 326 2630 limpida
350 2554 397 2629 sit,
420 2550 445 2610 Χ
465 2551 499 2613 X.
537 2551 600 2611 Hoc
625 2571 743 2632 quoque
767 2552 887 2630 pluviali
910 2572 986 2632 aqua
1010 2553 1131 2632 colliges

65 2642 216 2701 letetita
239 2639 358 2718 collyria
382 2641 532 2700 formabis.
570 2639 729 2720 Collyrium
753 2641 801 2700 dia
819 2644 937 2722 misyos,
962 2642 1041 2719 quod
1061 2644 1133 2703 lacit

118 2729 153 2790 ad
182 2730 383 2808 aspritudines
412 2729 567 2790 oculorum
594 2729 738 2790 tollendas
771 2738 801 2790 et
828 2730 864 2790 ad
892 2729 1029 2790 lacrimas
1063 2731 1131 2791 sub-

117 2819 315 2897 stringendas,
340 2820 518 2897 conponitur
537 2819 593 2877 sic:
616 2817 690 2897 Misy
710 2818 858 2879 conbures
876 2818 933 2878 boc
955 2837 1047 2899 more,
1071 2824 1130 2880 coi·
1147 2838 1171 2878 ao

118 2911 178 2968 cies
207 2908 280 2969 illud
308 2909 339 2967 in
364 2907 527 2986 pultarium
551 2915 581 2966 et
604 2907 745 2985 purgabis
769 2909 853 2967 etin
877 2907 998 2967 furnum
1021 2910 1132 2988 mittes,

118 3004 234 3055 uttam
258 2997 310 3056 diu
334 3005 488 3074 coquatur,
512 2996 606 3056 donec
632 2997 671 3055 sit
695 2998 897 3074 sanguineum.
939 2995 1035 3056 Huius
1060 3016 1131 3076 ergo

119 3082 143 3140 Χ
163 3083 195 3162 V,
224 3087 321 3160 spicae
351 3085 437 3144 nardi
460 3083 541 3164 llV,
569 3086 650 3144 croci
679 3083 761 3163 ΧΙΙ,
790 3085 921 3145 cadmiae
945 3083 970 3144 Χ
991 3084 1024 3164 S,
1054 3088 1133 3145 aeris

119 3172 180 3229 usti
203 3170 228 3228 Χ
249 3171 282 3251 8,
311 3174 371 3248 opii
400 3172 478 3251 Χ8,
505 3190 622 3250 myrrae
650 3171 729 3252 Χ8,
759 3171 873 3251 lepidae
902 3172 1027 3252 Cypriae
1056 3173 1133 3254 Χ8,

189 3372 391 3441 tinunexeris‚
406 3375 468 3428 item
483 3380 507 3427 6.
550 3373 725 3431 idiothesis.
773 3383 805 3432 13
821 3376 985 3434 dialibanos.
1030 3384 1064 3432 28
1080 3380 1132 3433 mi-

117 3445 181 3511 sine,
200 3446 263 3501 item
282 3450 324 3498 30.
398 3449 431 3498 32
450 3445 483 3498 ut
501 3460 550 3500 om.
625 3452 658 3500 33
678 3447 750 3503 aeris
769 3450 826 3503 usti
846 3447 873 3502 Χ
893 3449 910 3504 8
930 3465 990 3506 οιη.7
