2422 3878
507 121 744 186 -312-

119 288 180 349 cias
209 285 340 363 singulas
368 285 400 344 in
426 283 579 362 pulverem
607 283 724 362 rediges
752 291 782 344 et
810 302 879 365 cum
906 282 993 343 melle
1024 286 1146 362 optimo

119 377 294 453 despumato
319 379 462 452 quantum
485 372 613 433 sufficiat
635 372 832 451 permiscebis
859 380 889 433 et
912 374 1015 432 ieiuno
1043 373 1146 435 colico

120 462 199 544 quod
223 465 295 523 satis
318 464 358 523 sit
381 460 472 522 dahis.

63 562 99 612 38
209 551 381 630 Conpositio
414 548 523 622 colices
554 567 590 609 ex
619 546 696 609 libro
724 549 901 629 Philonidis,
934 566 1011 627 quae
1048 552 1144 611 etiam

119 641 239 703 Tiberio
256 641 374 701 Caesari
393 636 624 717 conponebatur,
644 655 747 716 graves
767 647 797 699 et
815 640 995 698 inveteratos
1016 637 1170 701 dolorosa

119 733 268 810 mitigans,
286 728 359 788 mihi
377 743 496 805 quoque
516 728 726 806 experimentis
741 729 904 808 notissima,
923 728 1036 805 accipit
1049 726 1144 790 haee:

119 820 187 898 Apii
206 818 327 878 seminis
349 816 507 896 heminam,
530 814 631 875 anethi
650 817 780 876 tenuiter
799 815 921 876 arelacti
940 818 1143 895 semunciam,

120 907 249 968 castorei
272 904 467 983 semunciam,
494 920 610 982 myrrae
634 906 830 984 semunciam,
856 903 941 964 nardi
965 905 1070 982 spicae
1095 924 1143 966 se·

120 997 277 1072 munciam,
301 995 362 1071 opii
384 993 576 1072 semunciam,
599 994 680 1052 orooi
705 994 895 1072 semunciam,
918 993 1036 1071 piperis
1057 993 1142 1072 longi

120 1083 312 1160 semunciam,
330 1082 442 1160 piperis
459 1082 538 1157 nigri
551 1082 742 1160 semunciam,
760 1080 927 1160 petrosilini
941 1084 1139 1142 semunciam.
1156 1103 1178 1143 ro

119 1171 227 1250 hpium
251 1169 348 1248 pridie
370 1168 534 1229 macerabis
559 1176 588 1229 et
611 1175 700 1247 teres,
724 1177 823 1229 cetera
844 1169 953 1229 tundes
972 1177 1003 1230 et
1024 1169 1141 1231 cribra-

120 1260 166 1320 bis
190 1267 220 1320 et
243 1261 329 1319 mista
353 1276 421 1318 cum
444 1259 510 1335 apio
533 1259 565 1316 in
588 1259 730 1318 mortario
749 1257 975 1337 diligentissime
995 1267 1140 1320 conteres

120 1357 150 1409 et
177 1347 264 1409 melle
293 1347 466 1425 despumato
494 1346 606 1423 optimo
634 1347 859 1424 conprehendes
886 1354 974 1424 atque
1003 1348 1037 1407 in
1068 1366 1139 1408 vaso

120 1439 214 1498 vitreo
242 1436 366 1515 condes3
395 1453 463 1495 cum
491 1452 566 1513 opus
595 1433 698 1513 luerit,
726 1434 809 1495 dabis
837 1434 975 1495 denarios
999 1436 1141 1514 singulos

120 1545 156 1587 ex
179 1544 273 1605 aquae
298 1523 408 1585 calidae
432 1522 545 1602 cyathis
568 1522 674 1582 trihus.
1152 1545 1174 1584 15

65 1625 100 1674 39
208 1614 252 1674 Ad
277 1613 334 1673 coli
352 1610 485 1672 dolorem
505 1617 621 1670 stercus
640 1610 783 1672 bubulum
803 1629 908 1672 recens
927 1614 1065 1690 exprime
1083 1633 1140 1693 per

120 1703 245 1763 linteum
267 1700 412 1762 mundum
435 1707 465 1760 et
488 1717 593 1760 sucum
614 1701 677 1760 eius
696 1702 728 1759 in
747 1699 878 1778 qualibet
896 1702 1017 1778 potione
1041 1702 1139 1764 colico

120 1782 354 1869 da'hihendum,
378 1790 477 1848 statim
501 1787 673 1868 subvenies3
700 1788 778 1866 quod
801 1788 967 1849 remedium
991 1789 1139 1852 efficacis·

66 1890 102 1939 40
121 1883 230 1941 simum
263 1896 328 1938 esse
359 1876 451 1937 multa
479 1879 681 1955 experimenta
713 1877 888 1938 docuerunt.
934 1877 1070 1955 Papauer
1101 1899 1139 1939 ex

120 1987 196 2048 aqua
218 1966 313 2027 mulsa
337 1965 494 2026 decoctum
518 1965 602 2025 dahis
625 1965 718 2026 colico
741 1967 841 2026 ieiuno
865 1965 1042 2047 hibendum,
1068 1986 1139 2029 con-
1153 1986 1176 2026 ao

119 2058 219 2119 lestim
242 2055 408 2117 subvenies.

64 2156 99 2203 41
209 2144 290 2205 lnter
318 2153 439 2221 experta
465 2141 656 2203 subnotatum
680 2150 726 2203 est
748 2143 805 2203 hoc
828 2141 930 2203 colicis
953 2145 1066 2203 mirum
1090 2163 1139 2204 re·

119 2234 251 2294 medium
275 2234 331 2292 sic:
354 2232 417 2291 Fici
440 2233 536 2290 siccae
556 2232 675 2291 unciam
694 2230 715 2312 l,
739 2232 791 2290 iris
812 2230 944 2310 Illyricae
966 2263 1006 2274 —-
1027 2231 1050 2312 l,
1075 2241 1139 2294 vet-

119 2323 236 2381 tonicae
263 2318 335 2378 -l
362 2321 393 2378 in
421 2317 508 2377 ollam
535 2336 641 2378 novam
669 2321 769 2380 mittes
796 2338 865 2380 cum
888 2317 1015 2380 bisontio
1040 2339 1139 2400 aquae

121 2417 152 2469 et
179 2426 247 2468 cum
276 2425 366 2484 supra
394 2407 513 2485 scriptis
541 2407 576 2467 ad
601 2407 737 2468 dimidias
761 2426 871 2487 coques
895 2416 925 2469 et
948 2407 1017 2468 inde
1041 2408 1140 2472 hemi·
1154 2429 1178 2470 as

66 2507 100 2555 42
121 2515 188 2558 nam
222 2495 305 2556 dabis
336 2497 438 2556 ieiuno
470 2495 564 2555 colico
594 2496 760 2574 potandam.
806 2496 917 2577 Herba,
946 2514 1021 2575 quae
1051 2498 1139 2559 mile·

120 2586 223 2646 lolium
242 2584 415 2666 appellatur,
434 2585 504 2644 trita
523 2587 645 2645 euvino
664 2592 783 2645 austero
802 2588 887 2665 nigro
901 2585 1016 2646 utiliter
1030 2588 1140 2649 colicis

119 2674 248 2736 bibenda
272 2674 367 2735 datur.

65 2773 100 2821 43
208 2762 338 2824 Herbam
362 2770 498 2841 nepetam
522 2762 625 2822 dextra
648 2780 738 2821 manu
766 2761 900 2840 colliges,
928 2764 959 2822 in
987 2772 1141 2841 quantum

120 2854 259 2914 sulficere
287 2870 375 2930 posse
403 2850 580 2930 credideris,
609 2868 733 2929 eamque
761 2851 796 2910 ad
822 2851 970 2911 levitatem
994 2862 1177 2916 contereseo

119 2949 150 3002 et
178 2960 246 3002 cum
275 2943 342 3000 vino
370 2939 451 2999 dulci
479 2957 512 2999 ao
540 2946 641 3000 vetere
664 2939 710 2999 vel
732 2939 891 3018 Libycensi
913 2939 1006 3000 colico
1031 2943 1139 3004 ieiuno

119 3048 173 3107 per
192 3030 324 3090 triduum
344 3028 440 3109 dabis3
465 3027 517 3088 sed
536 3029 598 3088 vini
615 3027 721 3088 modus
740 3031 779 3089 sit
797 3030 975 3109 quartarius
993 3028 1139 3092 facillime

65 3124 101 3173 44
120 3118 262 3195 proderit.
295 3117 440 3195 Fuligiuis
463 3115 539 3176 bene
557 3119 645 3177 tritae
664 3125 694 3178 et
713 3117 853 3178 criblatae
872 3124 973 3177 ternos
993 3117 1139 3182 denarios

119 3223 173 3283 per
196 3206 329 3265 triduum
353 3223 390 3264 ex
412 3224 488 3283 aqua
511 3205 604 3265 calida
627 3207 727 3266 ieiuno
751 3207 844 3266 colico
868 3207 952 3285 potui
975 3204 1072 3270 dabis.

208 3344 226 3391 4
245 3339 373 3394 ooliaoes.
461 3345 476 3393 't
496 3338 625 3393 eminam.
714 3345 730 3395 8
749 3343 922 3396 castoreuno.
1015 3347 1048 3395 13
1070 3360 1137 3399 con-

118 3408 271 3478 prehindis.
345 3413 379 3462 14
398 3407 521 3463 dinarius
540 3408 675 3478 singulus.
749 3417 782 3466 23
802 3413 893 3468 uncie.
957 3413 1137 3473 vectonicao.

119 3486 152 3533 31
173 3478 309 3535 libicensi.
384 3485 417 3533 33
436 3481 532 3534 ternus
552 3479 689 3536 denarius.
