2422 3878
545 99 785 165 -134-

160 274 190 326 et
212 264 344 324 furfures
366 281 434 323 eum
454 280 529 341 aqua
548 261 643 322 mulsa
662 262 811 341 decoques
832 269 862 322 et
880 273 935 340 pro
954 258 1163 339 gargalismatio

105 355 254 418 attuleris
282 352 318 412 ad
346 370 432 412 uvam
462 351 664 430 reparandam.
706 350 810 411 Aleum
837 367 906 410 cum
929 348 991 409 sale
1015 349 1121 409 tritum
1140 350 1165 408 in

106 457 140 507 30
159 441 287 502 cocleari
304 441 472 520 adpositum
490 457 565 500 uvae
584 439 776 500 vehementer
795 456 859 499 cam
878 437 1000 498 relevat.
1029 436 1095 498 Alei
1112 455 1166 498 um·

160 530 290 611 bilicum,
309 547 367 608 quo
387 546 476 607 grana
497 531 689 614 continentur
706 536 795 607 atque
809 527 863 588 ubi
876 526 993 587 radices
1008 525 1167 606 inhaerent,

160 637 228 679 eum
251 620 324 697 ipsis
348 615 500 677 radicibus
523 618 554 677 in
578 617 735 694 phoenicio
763 615 879 693 conliga
907 623 938 675 ct
964 613 1115 675 laboranti
1137 614 1186 675 det

106 722 138 772 ai
160 727 216 768 uva
239 706 308 767 luna
332 707 457 785 septima
480 704 656 784 phylacterii
678 723 760 765 more
784 703 959 782 suspendes.
1006 702 1104 764 Ovum
1127 722 1169 764 ex·

159 798 304 856 inanitum
329 792 508 871 completum
533 795 596 854 viva
620 801 700 854 terra
722 793 788 854 loco
810 792 910 854 clauso
929 792 956 853 si
974 790 1171 854 abscondatur

159 884 196 945 ab
220 902 264 964 eo,
288 885 339 961 qui
362 882 398 943 de
418 881 553 942 laucibus
573 891 603 943 et
621 883 739 952 arteriis
757 881 912 961 laborabit,
935 880 1072 940 remedio
1090 899 1171 960 prae·

106 974 238 1036 arsenii
261 971 319 1032 sibi
342 969 486 1032 subvenit.
533 969 599 1031 Olei
621 972 730 1031 veteris
758 969 836 1049 quod
864 971 935 1030 satis
958 971 1018 1030 erit
1041 969 1172 1030 inlusum

160 1060 282 1121 naribus
310 1067 456 1121 tumorem
482 1061 661 1120 anteriorum
685 1077 823 1138 represso
846 1056 980 1137 periculo
1004 1059 1206 1119 suffocatio-ro

106 1163 141 1212 33
160 1153 207 1210 nis
231 1150 348 1210 evincit.
394 1147 511 1208 Fimum
536 1147 752 1228 columbinum,
780 1148 854 1208 licus
882 1146 980 1207 aridas
1005 1153 1037 1207 et
1061 1149 1173 1207 nitrum

160 1238 268 1299 tundes
292 1256 385 1316 eaque
408 1238 499 1298 mixta
523 1239 709 1297 extrinsecus
731 1235 876 1316 adpones;
904 1235 960 1296 hoc
988 1234 1174 1296 medicamen

107 1340 142 1390 34
160 1328 348 1405 asperitatem
369 1326 500 1387 faucium
519 1325 612 1386 mollit
631 1323 919 1403 destillationemque
937 1325 1071 1401 castigat.
1104 1323 1174 1385 Coc-

159 1416 222 1476 leae
245 1426 324 1476 terra
349 1422 464 1475 tantum
484 1432 607 1475 excussa
626 1413 735 1474 inlotae
755 1420 933 1492 coquuntur,
957 1411 1067 1472 dehinc
1085 1415 1174 1472 tritae

160 1523 229 1564 cum
247 1522 334 1582 passo
353 1504 470 1565 Cretico
490 1502 645 1562 adversum
666 1502 796 1562 faucium
813 1500 964 1561 molestias
983 1500 1173 1562 hauriuntur.
1187 1514 1210 1555 15

107 1604 141 1655 35
160 1593 198 1653 Ut
217 1594 346 1654 saucium
366 1592 505 1653 duritiam
524 1590 625 1670 lenias,
650 1590 834 1651 medicamen
853 1590 943 1650 iacies
961 1588 1033 1650 tale:
1056 1588 1174 1668 Myrrae

164 1715 202 1724 -
222 1680 278 1762 ΙΙΙ,
301 1682 382 1740 croci
408 1680 493 1758 -Ι,
516 1678 701 1758 tragacanthi
726 1677 838 1758 -ΙΙΙ,
862 1679 1038 1739 ammoniaci
1064 1678 1174 1761 -ΙΙΙ,

160 1769 256 1830 mellis
284 1768 371 1848 quod·
392 1771 464 1827 satis
492 1769 539 1827 sit.
586 1766 691 1828 Omnia
715 1767 792 1828 haee
821 1769 891 1828 trita
914 1774 1002 1844 atque
1025 1769 1173 1852 permixta

160 1857 305 1918 recondes
325 1863 354 1916 et
372 1866 475 1934 parato
495 1863 637 1934 certoque
656 1855 789 1916 subsidio
811 1855 847 1916 ad
866 1856 991 1915 arterias
1010 1857 1174 1916 crassiores

108 1963 142 2012 se
162 1953 192 2006 et
224 1945 260 2005 ad
293 1944 496 2005 difficultatem
530 1946 610 2004 vocis
642 1945 746 2005 uteris.
797 1943 840 2004 Ad
874 1951 1008 2004 tumores
1040 1962 1114 2004 uvae
1145 1952 1210 2005 eto

161 2035 290 2093 saucium
323 2031 529 2111 reprimendos
559 2033 731 2111 gargalizari
761 2040 879 2112 oportet
908 2031 1036 2109 tepidam
1066 2051 1173 2111 aquam

160 2121 286 2181 mulsam
309 2139 377 2182 cum
401 2138 504 2180 umore
527 2123 640 2181 tisanae
665 2129 786 2181 etcum
809 2119 896 2180 melle
920 2120 1082 2200 decoctam,
1105 2139 1174 2199 pas-

161 2227 227 2268 sum
252 2227 371 2286 quoquo
394 2227 462 2268 cum
481 2207 663 2287 glycyrrhiza
685 2208 732 2269 vel
754 2208 867 2287 hysopo
890 2207 937 2269 vel
959 2209 1045 2268 faeno
1066 2226 1173 2287 graeco

161 2296 208 2356 vel
230 2295 284 2355 lini
307 2297 419 2356 semine
443 2296 599 2357 decoctum
619 2299 699 2358 iuvat
722 2287 839 2358 ne'enon
863 2305 893 2358 et
916 2315 991 2376 aqua
1010 2295 1174 2378 malvarum

108 2401 141 2450 37
161 2384 221 2445 illic
240 2387 423 2446 indoctarum
443 2384 661 2464 gargalizationi
679 2385 840 2465 plurimum
854 2385 985 2464 prodest.
1014 2384 1094 2447 Bene
1110 2387 1173 2466 opi·
1187 2401 1211 2441 ν

162 2472 274 2533 tulatur
293 2480 323 2533 et
341 2473 505 2533 fomentum
524 2491 578 2552 per
593 2473 743 2553 ssongeam
760 2474 924 2535 adhibitum
939 2493 975 2534 ex
989 2491 1066 2552 aqua
1080 2473 1173 2535 calida

161 2564 287 2622 arteriae
311 2569 341 2622 et
360 2560 504 2641 faucibus,
528 2580 601 2640 quas
619 2570 720 2641 partes
739 2569 841 2641 postea
860 2565 921 2641 tegi
939 2562 1090 2643 oportebit
1108 2563 1175 2623 lana

162 2651 265 2712 sucida
287 2669 369 2729 pura.

108 2757 143 2807 38
252 2740 362 2801 Sedant
391 2748 522 2801 tumores
547 2740 677 2800 saucium
700 2747 731 2800 et
753 2758 826 2801 uvae
849 2741 1061 2819 perunctiones
1085 2758 1175 2819 quae-

162 2831 242 2913 dam,
270 2839 305 2891 ut
334 2846 424 2890 sucus
452 2829 488 2888 de
517 2829 608 2890 moris
636 2836 740 2889 coctus
766 2830 798 2889 in
820 2828 917 2889 mellis
940 2827 1175 2910 spissitudinem,
1192 2855 1208 2879 v·

162 2922 233 2980 item
252 2918 322 2978 mali
335 2918 441 2978 Punici
460 2935 619 2996 granorum
639 2933 738 2997 sucus,
757 2919 828 2978 item
847 2935 920 2977 uvae
939 2915 1063 2977 acerbae
1083 2935 1175 2977 sucus

163 3009 266 3067 eodem
289 3006 376 3067 modo
401 3006 557 3086 decoctus3
580 3005 703 3084 prodest
726 3012 756 3066 et
778 3004 896 3066 lentisci
914 3013 945 3066 et
962 3004 1125 3066 terebinthi
1145 3015 1175 3067 et

162 3095 236 3153 rhus
252 3094 364 3171 Syriaci
379 3103 408 3155 et
423 3103 535 3174 myrtae
551 3102 581 3155 et
600 3093 668 3154 rubi
687 3101 717 3154 et
735 3112 820 3154 rosae
841 3113 939 3175 sucus,
959 3095 1067 3154 sicum
1088 3093 1174 3154 melle

162 3181 355 3241 haecomnia
381 3183 600 3261 decoquantur3
627 3201 723 3260 pruna
753 3201 872 3262 quoque
900 3189 1026 3262 prosunt
1049 3191 1175 3262 matura,

234 3313 388 3369 bfoenicio.
440 3312 586 3369 tifilalerii.
637 3320 652 3368 7
664 3317 870 3373 abscondiatur.
922 3322 956 3371 10
970 3315 1175 3386 suffugalionis.

164 3385 370 3441 manduntur.
423 3389 455 3438 16
475 3385 604 3452 myrrhae
624 3387 691 3455 (etc).
744 3393 776 3442 17
796 3387 959 3442 maoaoanti.
1001 3391 1037 3442 20
1056 3386 1177 3442 difficul-

158 3459 229 3512 sate.
277 3463 310 3513 23
330 3455 476 3528 glycerius..
523 3462 557 3511 25
577 3456 697 3513 incocta.
752 3458 889 3528 prodsnni
907 3459 975 3529 (eie).
1022 3463 1057 3513 88
1075 3461 1175 3527 myrta.
