2422 3878
512 105 704 209 ‘8-

101 280 191 346 della:
215 279 351 341 Feniculi
373 286 403 339 et
426 281 485 358 apii
507 279 622 340 radices
646 282 714 340 vino
738 279 856 340 condito
881 281 974 339 veteri
994 287 1025 340 et
1044 279 1115 341 odo-

101 378 165 430 rato
194 371 313 449 inicies,
341 375 371 428 et
399 385 468 428 cum
492 385 523 427 se
547 368 620 428 haec
644 368 766 429 confusa
789 369 1017 449 maceraverint,
1045 387 1116 430 cum

81 459 164 527 ,vini
192 457 306 537 cyathis
329 455 446 517 duobus
470 456 645 517 tantundem
668 455 924 535 miscebisaquae
948 456 1060 517 calidae
1085 465 1115 518 et

101 548 201 606 ieiuno
225 548 310 625 potui
334 544 425 606 dabis
463 544 622 606 Praeterea
645 545 753 606 radicis
776 546 911 624 asparagi
935 563 1026 605 sucus
1045 564 1115 606 cum

101 637 169 695 vino
188 637 299 694 mixtus
318 636 428 712 optime
448 634 585 714 sumitur,
604 634 656 694 sed
673 641 703 694 et
717 635 823 694 ciceris
840 632 907 713 albi,
921 651 980 694 non
996 635 1114 697 arietini
1144 648 1158 690 a

68 732 83 780 7
103 723 218 784 decocti
238 740 328 783 sucus
347 723 500 800 accipitur.
538 721 582 782 Ex
600 722 656 782 hac
674 721 850 802 valetudine,
869 724 928 782 nisi
942 724 972 781 in
992 722 1114 783 exordio

102 813 216 873 curatio
240 811 371 872 adhibita
392 811 492 891 fuerit,
515 829 570 889 per
589 812 692 871 urinae
712 810 915 871 difficultatem
935 817 964 870 et
983 810 1114 890 hydrops

101 902 236 961 nascitur
261 907 290 959 et
313 899 397 984 dolor
420 901 529 959 iecoris
553 907 583 960 et
606 901 676 960 vitia
699 917 805 959 renum
829 906 859 959 et
878 901 1046 976 stranguria
1066 918 1114 959 ve-

102 991 189 1070 sicae,
208 995 342 1049 ventrem
362 987 565 1048 molestissimi
579 987 697 1048 dolores
710 987 868 1048 vexabunt.
897 987 977 1047 flacc
993 995 1064 1048 sunt
1078 988 1113 1048 de

65 1093 81 1142 8
100 1076 332 1156 praenoscendis
355 1077 640 1155 praeveniendisque
664 1076 836 1136 morborum
860 1078 966 1136 causis.
1007 1075 1115 1136 Addidi
1129 1090 1155 1130 1⁰

102 1168 204 1245 etiam,
233 1164 342 1244 quibus
370 1171 400 1225 et
428 1172 574 1243 quatenus
601 1184 656 1244 per
684 1167 754 1225 anui
781 1164 927 1224 circulum
954 1181 1010 1242 pro
1038 1172 1114 1225 tem-

100 1272 208 1333 porum
228 1253 431 1314 vicissitudine
453 1253 617 1314 observatis
635 1252 824 1314 incolumitas
843 1251 1037 1313 custodiatur.
1070 1252 1114 1312 Ab

100 1342 199 1403 hieme
228 1343 320 1420 igitur
348 1341 496 1402 salubrius
525 1342 577 1403 fiet
605 1342 768 1402 exordium
809 1337 854 1400 Ex
883 1341 931 1401 die
959 1339 1024 1400 Vlll
1051 1339 1113 1402 Kal.

100 1430 215 1492 Ianuar.
253 1430 429 1509 corporibus
467 1449 553 1490 umor
588 1430 735 1491 adcrescit
771 1447 866 1508 usque
898 1430 977 1488 veris
1014 1430 1133 1508 aequi--

101 1522 248 1601 noctium,
273 1519 351 1598 quod
375 1521 480 1598 incipit
503 1517 566 1577 Vlll
585 1517 647 1578 llal.
666 1517 758 1597 April.
798 1517 862 1578 lloc
885 1535 956 1595 ergo
980 1524 1115 1596 tempore
1128 1527 1154 1568 1⁵

101 1608 247 1668 utendum
270 1606 457 1668 calidissimis
481 1606 556 1667 cibis
577 1615 607 1666 et
626 1608 754 1687 optimis,
778 1608 845 1666 vino
865 1605 1052 1685 aliquatenus
1070 1608 1114 1666 in-

102 1696 293 1777 dulgendum,
318 1714 390 1756 usus
414 1697 502 1755 etiam
525 1696 664 1754 venerius
687 1696 808 1754 minime
832 1693 1026 1772 respuendus.
1071 1693 1116 1755 Ex

101 1785 289 1864 aequinoctio
322 1785 427 1862 incipit
458 1781 595 1861 phlegma
624 1800 777 1863 crescere,
810 1783 840 1843 id
873 1790 919 1843 est
956 1792 1116 1843 concretus

102 1892 188 1933 umor
216 1879 246 1932 ct
274 1871 415 1952 frigidus,
440 1889 535 1949 usque
563 1873 595 1931 in
623 1878 720 1932 ortum
745 1870 908 1951 pleiadum,
935 1873 988 1950 qui
1010 1873 1117 1950 incipit

100 1959 196 2038 pridie
220 1958 287 2019 idus
311 1958 409 2020 Maias.
446 1958 525 2038 Ergo
549 1967 613 2020 tum
637 1958 771 2020 adhiberi
793 1961 931 2020 convenit
949 1959 1025 2019 bene
1045 1960 1154 2020 odo-20

101 2057 190 2128 ratos,
206 2046 258 2107 sed
274 2055 303 2108 et
317 2066 402 2108 acres
417 2047 508 2109 cibos.
537 2047 651 2109 Exhinc
671 2050 791 2126 sanguis
810 2046 961 2108 ardentior
980 2045 1132 2110 febribus*

101 2144 258 2214 augmenta
281 2135 451 2215 suppeditat
474 2155 529 2197 nec
552 2139 652 2197 minus
683 2155 769 2197 umor
788 2136 940 2196 obbibitur
963 2138 1116 2215 usquead

101 2227 205 2285 aestivi
233 2226 376 2303 temporis
405 2228 680 2305 commutationem,
710 2243 785 2304 qnae
814 2224 851 2285 ab
878 2224 943 2284 Vlll
970 2223 1033 2285 Kal.
1061 2225 1116 2287 lul.

102 2313 273 2394 inchoatur,
296 2332 313 2373 a
337 2332 395 2392 quo
420 2314 467 2374 die
491 2332 598 2375 venere
622 2313 830 2374 abstinendum
853 2313 1116 2392 ieiunandumque.

67 2407 82 2455 9
102 2401 146 2462 lo
166 2410 268 2462 octavo
288 2404 368 2462 enim
381 2402 443 2462 Kal.
458 2402 511 2463 lul.
527 2405 636 2463 aestiva
651 2405 820 2481 progressio
835 2404 1019 2462 incrementa
1038 2401 1116 2464 fellis
1130 2412 1155 2453 ²⁶

102 2493 265 2551 exsuscitat
282 2509 378 2569 usque
397 2493 429 2552 in
448 2493 583 2552 autumni
597 2492 826 2571 aequinoctium,
847 2490 926 2570 quod
941 2497 987 2550 est
1000 2488 1038 2550 Vl
1052 2489 1117 2552 Kal.

102 2577 248 2639 Octobris.
291 2577 357 2640 Erit
384 2581 476 2657 igitur
502 2579 646 2639 utendum
675 2581 770 2639 acutis
798 2589 829 2640 et
852 2578 962 2657 sapidis
985 2586 1015 2638 et
1038 2578 1116 2640 bene

102 2667 250 2727 olentibus
284 2666 372 2747 cibis,
404 2670 524 2746 parcius
551 2668 744 2728 ieiunandum
772 2676 801 2727 et
834 2668 954 2728 venerio
987 2685 1045 2728 usu
1079 2667 1117 2728 ah

102 2754 165 2815 Vlll
180 2755 242 2817 llal.
257 2755 310 2817 lul.
330 2764 411 2816 certe
430 2774 485 2835 per
504 2756 568 2816 dies
583 2754 637 2815 Xll
655 2757 775 2835 penitus
794 2755 1010 2817 abstinendum.
1043 2755 1117 2817 Post

101 2847 236 2906 autumni
260 2846 489 2924 aequinoctium,
513 2843 543 2903 id
567 2851 613 2904 est
635 2851 704 2922 post
726 2844 803 2905 diem
822 2843 859 2903 Vl
878 2843 940 2904 llal.
960 2842 1116 2927 Octobres,
1130 2856 1155 2896 ³⁰

101 2952 184 2995 acres
212 2934 288 2995 biles
318 2936 396 2994 vires
427 2941 457 2994 et
490 2943 680 3011 augmentum
713 2935 879 2993 sortiuntur
912 2934 943 2993 in
976 2950 1117 2993 occasum

100 3021 257 3101 pleiadum,
282 3025 333 3100 qui
357 3030 403 3082 est
423 3020 477 3081 llll
496 3021 564 3082 idus
582 3020 771 3101 Novembris,
798 3039 918 3080 umores
942 3023 1031 3081 etiam
1050 3039 1117 3100 gra·

101 3126 152 3168 ves
177 3117 308 3186 serpunt.
346 3108 412 3169 Erit
434 3113 526 3188 igitur
549 3110 694 3172 utendum
718 3109 810 3170 acidis
834 3117 864 3169 et
887 3108 1006 3170 acribus
1030 3109 1118 3192 cibis,

174 3265 188 3312 1
209 3258 330 3314 condito.
400 3266 415 3313 6
434 3261 596 3316 valetudine
615 3266 664 3315 1m
681 3261 837 3316 valitudine
856 3267 918 3318 2m.
982 3267 998 3316 9
1017 3264 1117 3318 ventre

101 3329 309 3385 molestissimo.
349 3336 381 3384 14
395 3332 502 3398 humor,
516 3334 580 3386 item
595 3337 636 3386 19.
690 3338 722 3386 18
732 3333 873 3401 phleuma.
911 3338 945 3387 23
956 3332 991 3387 ab
1000 3334 1117 3402 scripsi:

101 3417 136 3456 aa
158 3402 221 3469 (sie)
243 3402 315 3466 cod,
339 3401 374 3455 ad
398 3400 556 3456 Goruoro'uo.
643 3408 678 3456 24
698 3419 785 3472 cupro
808 3419 909 3458 venere
935 3404 998 3459 odd.
1018 3407 1071 3459 2m
1089 3421 1116 3459 a.

60 3502 63 3509 ·
101 3477 134 3526 27
154 3471 254 3542 acutis]
275 3470 386 3540 frigidis
407 3471 565 3528 Gornorioa.
649 3479 682 3527 32
701 3475 831 3529 humores
850 3480 909 3531 2no.
