2422 3878
520 164 555 173 —
605 128 758 193 244-

129 290 268 350 iocineris
292 297 321 348 et
344 290 589 368 praecordiorum
613 290 756 351 duritiam
779 298 809 350 et
832 290 868 350 ad
887 288 1020 351 dolorem
1041 310 1148 354 eorum

128 395 197 437 vere
227 379 379 457 convenit,
407 378 541 457 proderit
570 379 659 438 etiam
687 380 769 438 omni
798 376 862 438 loco
894 377 1007 439 dolenti
1035 382 1149 460 inposi-

129 473 201 546 tum,
221 466 378 527 coniicitur
397 468 453 527 sic:
472 466 590 547 Cypari,
610 468 808 527 ammoniacae
827 473 936 546 guttae,
955 467 1149 551 cardamomi,

107 552 267 635 -bidellae,
295 557 385 633 turis,
413 557 528 615 resinae
558 553 789 633 terebinthinae,
822 554 1008 633 singulorum
1041 561 1148 619 uncias

129 642 226 724 binas3
251 652 299 703 tus
323 653 353 702 et
375 642 482 703 bidella
505 652 696 704 macerantur
720 643 814 722 pridie
838 644 936 704 inlusa
954 645 1015 704 vini
1035 650 1174 707 reterisc

129 734 267 811 sextario,
295 739 395 790 cetera
424 732 663 812 contunduntur,
692 731 799 792 deinde
827 750 913 792 cerae
936 731 968 792 P.
991 733 1004 792 l
1034 743 1065 794 et
1088 734 1149 795 olei

129 821 245 898 cyprini
264 815 323 879 5⁴1
345 836 412 879 cum
433 819 635 881 terebinthina
654 821 811 899 liquefiunt
830 821 999 898 ceterisque
1018 824 1148 885 miscen-

130 915 178 967 tur
206 916 236 967 et
265 906 317 966 diu
346 905 481 968 manibus
506 906 699 988 subiguntur,
727 909 847 987 quidam
870 909 1003 969 adiciunt
1026 929 1147 990 myrrae

131 995 212 1075 -1,
235 996 317 1054 croci
342 995 423 1077 -1,
446 998 576 1056 cinnami
598 1030 642 1040 -
664 997 684 1058 l.

87 1095 109 1145 '3
217 1083 389 1161 Conpositio
411 1082 484 1145 haec
504 1085 627 1146 mirifica
647 1103 707 1145 non
726 1084 822 1146 solum
840 1084 951 1165 lateris,
976 1104 1081 1147 verum
1100 1090 1145 1150 in·
1160 1106 1185 1146 ro

130 1182 318 1232 teraneornm
347 1171 464 1232 dolores
494 1175 613 1235 minuit:
649 1172 766 1234 Herbae
793 1176 948 1250 gentianae
976 1173 1059 1253 drag.
1081 1176 1147 1255 XX,

129 1262 182 1320 iris
201 1259 334 1340 illyricae
354 1259 434 1339 drag.
454 1261 537 1340 XLV,
556 1280 672 1342 myrrae
691 1258 769 1341 drag.
789 1261 824 1342 X,
847 1263 961 1340 piperis
980 1261 1059 1342 drag.
1081 1263 1146 1326 Xll.

130 1349 295 1428 Separatim
319 1351 415 1410 omnia
440 1352 470 1410 in
493 1350 647 1428 pulverem
668 1350 787 1411 redacta
806 1353 929 1411 misceto
949 1359 1039 1430 atque
1059 1353 1146 1415 adice

130 1436 176 1497 his
206 1438 300 1498 mellis
329 1441 434 1516 optimi
464 1439 630 1519 despumati
659 1437 737 1518 quod
768 1441 840 1499 satis
868 1439 1017 1500 ridebitur
1049 1450 1080 1502 et
1107 1443 1146 1503 ad

130 1527 363 1605 magnitudinem
392 1530 477 1588 nucis
505 1526 652 1586 avelianae
680 1545 747 1586 cum
776 1545 869 1605 aquae
894 1527 1004 1588 calidae
1028 1530 1145 1608 cyathis
1160 1546 1184 1587 15

130 1615 226 1676 tribus
251 1617 335 1694 potui
358 1615 434 1675 dato.

94 1713 111 1762 4
219 1703 326 1781 Herba,
351 1722 426 1781 quae
449 1705 502 1763 iris
521 1702 695 1784 appellatur,
720 1706 845 1764 maxime
865 1707 890 1764 si
911 1704 1057 1765 silvestris
1077 1709 1144 1785 erit,

95 1802 111 1850 5
130 1792 249 1871 inligata
269 1792 354 1852 lateri
369 1791 501 1852 dolorem
516 1794 581 1852 eius
596 1795 733 1871 protinus
748 1791 833 1853 tollit.
865 1791 981 1852 Herbae
996 1794 1145 1856 verbenae

130 1880 267 1941 solistitio
283 1879 423 1940 collectae
438 1881 582 1942 arefactae
603 1889 633 1941 et
647 1889 788 1941 contusae
807 1880 949 1960 pulvis'in
967 1882 1147 1944 cocliaribus

132 1971 263 2047 quinque
293 1969 416 2030 robusto
445 1978 475 2030 et
498 1969 593 2030 valido
617 1988 653 2030 ex
675 1971 736 2029 vini
759 1970 875 2029 Aminei
898 1971 1009 2030 veteris
1032 1972 1147 2050 cyathis
1163 1989 1188 2028 ao

131 2057 238 2137 trihus,
262 2056 444 2118 febricitanti
468 2077 503 2118 ex
528 2076 601 2136 aqua
626 2057 719 2118 calida
742 2059 827 2136 potui
846 2057 933 2117 datus
955 2059 1031 2119 mire
1051 2059 1149 2121 dolori

95 2144 230 2203 clateris
254 2145 399 2206 medetur.
441 2145 557 2206 Herbae
584 2149 739 2224 gentianae
763 2155 793 2207 et
816 2147 957 2225 sagapeni
979 2145 1062 2225 drag.
1088 2151 1148 2209 sin-

129 2231 213 2308 gulae
239 2235 383 2292 contritae
409 2241 438 2292 et
462 2252 530 2293 cum
554 2252 647 2312 aquae
671 2234 782 2295 calidae
806 2235 920 2314 cyathis
945 2235 1042 2296 trihus
1062 2240 1148 2315 potui

129 2319 212 2378 datae
237 2318 369 2378 dolorem
392 2320 493 2380 lateris
517 2322 629 2401 sedant,
653 2324 679 2381 si
702 2324 733 2382 in
756 2322 843 2402 latus,
871 2323 950 2402 quod
970 2322 1059 2406 dolet,
1078 2336 1149 2404 post

128 2408 312 2468 curationem
336 2409 470 2468 infirmus
494 2408 545 2469 diu
569 2411 703 2471 iacuerit.
1161 2430 1185 2470 aa

94 2508 109 2557 '1
218 2495 250 2554 ln
270 2494 366 2574 lapide
386 2497 498 2576 iaspide
513 2497 638 2578 Phrygia
659 2501 792 2560 aerizusa
811 2501 836 2559 si
858 2506 928 2559 nota
942 2500 1019 2560 infra
1033 2503 1147 2580 scripta

129 2584 276 2664 insculpta
296 2586 396 2666 fuerit,
414 2585 443 2646 id
460 2595 505 2646 est
519 2602 603 2663 553·
618 2596 648 2647 et
662 2587 736 2648 collo
757 2586 884 2648 dolentis
899 2585 976 2648 latus
991 2588 1082 2650 fuerit
1097 2609 1147 2650 su·

95 2686 110 2736 8
130 2693 265 2754 sponsus,
280 2677 355 2735 mire
370 2675 512 2754 proderit.
536 2674 653 2736 Herbae
664 2679 829 2737 vettonicae
845 2674 982 2737 foliorum
997 2677 1147 2739 inumbra

129 2766 273 2825 arefactae
294 2773 398 2825 tunsae
418 2764 624 2843 cribrataeque
640 2757 680 2850 3·
695 2765 721 2824 ll
735 2783 771 2824 ex
785 2766 846 2824 vini
860 2772 911 2824 aut
926 2764 1015 2825 mulsi
1030 2766 1145 2845 cyathis

129 2854 245 2915 dnobus
266 2856 350 2932 potui
370 2872 450 2934 sano,
471 2852 666 2914 febriculento
686 2872 721 2913 ex
739 2871 815 2931 aqua
828 2852 923 2912 mulsa
938 2853 1054 2932 dantur,
1075 2874 1144 2916 con·
1159 2872 1184 2910 eo

95 2954 110 3002 9
130 2943 228 3002 testim
250 2943 381 3003 dolorem
397 2942 498 3003 lateris
517 2941 684 3003 emendant.
720 2942 794 3021 Apri
812 2948 929 3002 stercus
943 2941 1060 3002 aridum
1076 2963 1144 3005 con·

133 3033 236 3090 tritum
249 3039 278 3090 et
289 3033 403 3110 potioni
412 3033 581 3111 inspersum
592 3031 708 3091 dolores
718 3030 819 3090 lateris
829 3037 912 3089 sanat
920 3031 993 3090 mira
1002 3035 1144 3108 potentia.

80 3127 112 3175 10
222 3118 343 3179 Cocleae
363 3130 516 3199 exemptae
535 3127 610 3180 testa
630 3136 683 3179 sua
703 3127 732 3179 et
747 3137 813 3179 cum
829 3119 945 3197 ptisana
957 3126 1058 3180 coctae
1074 3119 1143 3181 late·

129 3204 169 3260 ris
194 3204 346 3266 doloribus
370 3207 536 3287 medentur,
557 3205 674 3286 melius,
694 3208 720 3266 si
739 3207 872 3267 umorem
893 3208 1024 3285 ptisanae
1046 3210 1143 3286 ipsius

218 3413 235 3460 4
254 3407 448 3476 teremuthim,
467 3410 530 3464 item
549 3417 573 3465 t.
640 3414 672 3463 12
691 3408 801 3465 mitrae.
869 3418 903 3466 20
922 3411 1046 3484 Aminei]
1067 3430 1141 3470 com·

128 3476 223 3531 minei.
261 3485 294 3534 21
314 3478 499 3536 febricitante.
573 3485 608 3536 26
627 3478 711 3551 frigio
731 3481 839 3540 erizisa.
