2422 3878
539 135 760 198 -70,

88 309 122 358 66
140 295 184 358 Ne
199 315 275 357 anno
295 304 441 377 perpetuo
461 295 575 377 lippias,
594 297 630 357 de
650 299 742 357 acinis
757 313 862 356 novem
878 314 949 357 uvae
968 295 1061 378 albae,
1077 303 1157 357 ante·

139 403 228 465 quam
251 403 337 445 uvam
361 394 472 466 gustes,
496 388 597 446 novies
619 395 648 446 te
672 388 806 464 inunges,
829 387 869 445 ita
893 391 926 444 ut
949 386 1026 445 intra
1053 384 1157 446 oculos

86 487 119 535 66
139 481 208 534 tuos
231 491 321 551 grana
345 475 459 553 singula
483 474 608 553 singulis
631 473 745 534 vicibus
769 473 917 534 infundas.
962 473 1087 535 Stercus
1110 492 1155 534 ca-

137 564 258 642 prinum
292 564 359 622 vino
394 581 589 642 conspersum
622 565 784 640 tritumque
813 569 842 622 66
870 563 1032 640 inpositum
1061 562 1155 623 oculis

139 658 227 728 atque
265 649 425 729 obligatum
462 670 579 711 omnem
612 651 744 711 dolorem
776 658 984 729 tumoremque
1017 650 1177 729 detergite

85 751 119 801 62
139 737 248 800 Oculos
277 757 345 799 cum
373 739 473 800 dolere
503 742 568 819 quis
597 742 742 818 coeperit,
774 738 843 798 ilico
872 739 900 798 ei
927 737 1102 819 subvenies,
1130 741 1155 800 si

140 834 212 907 quot
234 825 349 887 litteras
372 846 480 889 nomen
505 830 569 888 eins
590 827 736 907 habuerit,
760 829 915 888 nominans
935 826 1063 906 easdem,
1088 830 1153 888 toti-

138 917 206 978 dem
234 915 327 975 nodos
355 918 386 975 in
409 917 478 979 rudi
500 916 561 977 lino
586 918 714 995 stringas
738 923 767 977 et
791 917 871 977 circa
894 914 1003 975 collum
1028 914 1154 976 dolentis

138 1007 281 1065 innectas.
316 1004 347 1064 Si
367 1006 495 1084 impetus
510 1005 641 1066 dolorem
657 1006 853 1084 praevenerit,
872 1003 1054 1065 absinthium
1070 1012 1154 1065 vetus

139 1105 169 1154 et
191 1091 344 1169 fuliginem
366 1104 503 1154 conteres
522 1092 688 1173 diligenter,
712 1101 783 1153 tunc
802 1091 898 1153 mellis
919 1099 1063 1171 quantum
1084 1095 1154 1154 satis
1165 1110 1186 1150 rc

138 1180 288 1241 videbitur
306 1181 416 1241 adicies
436 1193 465 1244 et
484 1183 582 1243 denuo
602 1190 681 1242 teres
701 1192 788 1260 atque
809 1200 845 1240 ex
863 1199 898 1240 eo
918 1180 1021 1240 oculos
1038 1181 1154 1263 inlines,

85 1281 119 1330 66
137 1269 317 1329 validissime
340 1270 482 1349 proderit.
528 1270 571 1331 Ne
595 1289 671 1331 anno
695 1280 840 1349 perpetuo
863 1269 977 1349 lippias,
1002 1288 1071 1330 cum
1096 1273 1154 1349 pri·

137 1377 218 1419 mum
242 1375 433 1420 cucumerem
454 1367 580 1421 nanctus
600 1360 705 1441 fueris,
729 1361 760 1418 in
779 1358 899 1418 fontana
917 1375 994 1436 aqua
1013 1374 1083 1420 eum
1102 1377 1155 1438 per

137 1446 270 1507 triduum
300 1466 365 1508 esse
396 1450 427 1508 in
455 1450 574 1510 vasculo
597 1448 708 1508 mrmdo
731 1448 900 1526 permittes,
928 1446 1036 1506 deinde
1061 1447 1155 1508 oculis

84 1545 119 1596 64
138 1536 285 1614 adapertis
309 1536 415 1597 faciem
439 1546 520 1599 tuam
539 1556 572 1597 ea
591 1554 666 1615 aqua
685 1536 785 1595 lovere
805 1534 933 1596 curabis.
970 1533 1029 1604 Qui
1048 1535 1155 1596 crebro
1168 1552 1189 1593 6

137 1623 325 1704 lippitudinis
359 1628 431 1686 vitio
462 1624 620 1704 laborabit,
654 1622 827 1684 mileiolium
859 1622 983 1683 herbam
1011 1624 1156 1686 radicitus

137 1713 223 1773 vellat
247 1721 277 1772 et
301 1731 336 1772 ex
361 1731 394 1773 ea
418 1713 564 1775 circulum
588 1713 688 1794 iaciat,
717 1721 751 1774 ut
774 1729 828 1790 per
851 1710 934 1772 illum
958 1712 1104 1791 adspiciat
1126 1721 1156 1773 et

136 1801 215 1863 dicat
239 1809 298 1862 ter:
322 1800 465 1862 Excicum
490 1804 610 1880 acrisos,
634 1809 665 1862 et
687 1803 797 1861 totiens
820 1801 857 1861 ad
876 1818 910 1860 os
928 1800 987 1860 sibi
1008 1800 1155 1861 circulum

136 1890 220 1951 illum
244 1889 397 1950 admoveat
423 1898 452 1950 et
474 1908 530 1969 per
552 1890 683 1951 medium
707 1898 815 1968 expuat
844 1896 874 1949 66
902 1888 1024 1949 herbam
1049 1908 1156 1950 rursus

137 1978 258 2056 plantet.
306 1976 387 2047 Quae
415 1980 440 2038 si
468 1980 622 2058 revixerit,
656 1996 817 2057 numquam
846 1980 872 2037 is
905 1980 957 2055 qui
989 1978 1192 2039 remediumao

137 2066 242 2126 lecerit
271 2065 426 2126 vexabitur
453 2066 607 2128 oculorum
637 2066 752 2147 dolore3
781 2066 817 2126 ad
846 2073 1007 2144 utrumque
1036 2065 1157 2129 oculum

136 2153 193 2213 hoc
217 2154 317 2233 iacito;
342 2173 417 2232 quae
442 2156 588 2216 siminus
612 2157 761 2235 revixerit,
785 2173 821 2214 ex
845 2154 901 2215 alia
923 2157 1034 2214 iterum
1058 2154 1156 2216 faciat.

137 2240 262 2320 Oportet
284 2252 383 2302 autem
407 2243 472 2304 dari
495 2262 628 2324 operam,
652 2251 685 2304 ut
708 2262 767 2303 non
791 2245 880 2304 nimis
897 2242 990 2302 herba
1009 2247 1157 2304 constrin-

84 2342 118 2391 66
138 2341 232 2410 gatur,
257 2347 315 2410 quo
338 2330 452 2392 facilius
471 2332 601 2411 plantata
620 2342 789 2410 consurgat.
827 2331 922 2411 Copae
941 2330 1046 2408 longae
1066 2349 1157 2393 sucus

138 2418 326 2496 opobalsamo
350 2422 460 2481 mixtus
484 2430 513 2481 et
537 2439 609 2482 suco
633 2419 755 2481 feniculi
778 2420 892 2480 adiecta
913 2419 998 2498 adipe
1018 2423 1193 2481 anserinam

138 2509 317 2586 incipientes
341 2510 504 2588 ypochyses
527 2510 651 2571 discutit
674 2517 704 2569 et
727 2508 904 2570 suffusiones
929 2510 1067 2586 reprimit
1089 2509 1157 2570 cali-

85 2609 119 2659 66
139 2598 282 2676 ginesque
306 2604 455 2659 extenuat.
493 2600 675 2677 Accipitrem
696 2598 722 2656 si
741 2598 890 2675 decoquas
909 2599 939 2656 in
959 2595 1024 2656 oleo
1044 2599 1158 2678 susino,

138 2685 234 2746 donec
253 2704 321 2746 caro
341 2687 406 2747 eius
420 2686 596 2764 resolvatur,
616 2694 646 2746 et
661 2705 695 2746 er
713 2704 748 2746 eo
763 2685 864 2746 oculos
879 2685 1053 2763 frequenter
1068 2688 1158 2747 iuun-

85 2786 119 2837 67
138 2792 220 2856 giras,
244 2782 273 2835 et
298 2775 467 2855 ypochysim
492 2786 522 2836 et
545 2774 699 2853 caliginem
723 2773 875 2835 discuties.
920 2773 1159 2835 Chamaeleontis

139 2863 178 2923 iel
197 2872 308 2925 tantam
327 2866 385 2925 vim
405 2863 514 2925 habere
534 2863 675 2943 creditur,
695 2870 729 2923 ut
747 2862 911 2942 ypochyses
930 2864 1008 2922 intra
1023 2863 1159 2924 triduum
1172 2880 1195 2919 so

139 2953 364 3014 inunctiouibus
384 2963 476 3014 sanet.
514 2952 591 3030 Lupi
611 2952 697 3013 limus
717 2951 767 3012 diu
783 2951 944 3030 peririctus
959 2951 995 3011 ad
1010 2968 1160 3013 summam

86 3060 119 3109 66
138 3038 286 3101 levitatem
314 3060 382 3102 cum
411 3040 497 3101 melle
526 3042 637 3101 mixtus
666 3047 696 3100 66
724 3041 891 3100 inunctioni
913 3038 1065 3099 adhibitus
1089 3059 1160 3101 ocu·

139 3126 236 3187 lorum
261 3129 423 3207 ypochyses
447 3130 570 3190 discutit
594 3128 683 3190 etad
707 3146 852 3188 summam
875 3127 1085 3189 claritudinem
1107 3147 1160 3189 eos

213 3285 229 3333 6
248 3278 344 3334 oculos
365 3280 555 3353 cumdolore]
575 3278 719 3334 oculorum
739 3280 873 3336 dolorem.
928 3286 944 3334 9
965 3280 1158 3348 absynthium.

145 3355 178 3404 10
210 3348 335 3404 tomellis
368 3351 467 3406 titteris
498 3367 537 3404 nc
570 3351 770 3420 superamictis.
881 3357 912 3405 tv
941 3353 971 3405 et
999 3351 1079 3406 dicat
1106 3368 1157 3406 om.

143 3425 177 3475 26
196 3420 354 3490 ypochesis.
432 3427 466 3475 29
484 3419 655 3490 ypochesim.
733 3427 767 3476 30
785 3421 946 3491 ypocheses.
1024 3427 1059 3477 82
1079 3423 1161 3477 iuun-

143 3490 231 3545 ctioni
248 3493 362 3563 scripsi:
380 3491 540 3549 inuictione.
615 3497 648 3547 33
666 3493 830 3564 ypocheses.
