2422 3878
566 136 802 200 -344-

112 294 119 305 ’
176 298 324 378 selibram,
343 306 431 359 tunsa
451 298 524 358 haec
539 305 627 376 atquc
642 297 770 358 cribrata
786 298 951 358 miscentur
969 306 1084 360 etcum
1102 317 1201 380 aquae

177 387 312 468 pluvialis
327 385 358 448 fr
374 387 428 447 llll
447 387 482 447 ad
503 386 615 447 medias
634 387 852 466 decoquuntur,
873 405 909 446 ex
923 405 958 448 eo
973 388 1084 448 cotidie
1101 395 1200 450 testes

123 489 158 538 aa
177 484 327 537 tumentes
355 475 433 536 inliti
462 476 605 536 citissime
633 477 849 553 reprimuntur.
891 475 1030 536 Contusis
1059 484 1090 537 et
1117 496 1200 539 com·

175 567 289 644 pressis
312 565 438 626 testibus
462 565 520 623 cito
544 562 717 643 subvenies,
740 565 765 623 si
789 566 904 623 cicutae
929 563 997 624 iolia
1022 567 1097 625 trita
1127 585 1200 627 cum

176 653 304 733 pauculo
323 656 400 714 aceti
417 652 551 732 inducas,
572 654 613 712 ita
632 661 666 712 nt
684 651 867 712 medicamen
886 651 1070 729 glutinosum
1092 654 1201 738 facias,

177 751 207 802 et
231 761 284 822 per
306 741 439 801 triduum
461 758 554 818 ponas
578 748 608 801 et
631 759 716 801 mane
740 758 774 801 ac
797 759 920 820 vespera
943 759 1077 802 renoves.

122 843 157 892 3ο
266 831 358 890 Bacac
382 831 518 908 cupressi
537 837 678 890 contusae
697 847 765 889 cum
784 831 909 908 axungia
929 839 1028 891 vetere
1049 831 1201 892 subactae

177 927 208 979 et
230 925 379 997 tamquam
403 916 545 996 malagma
564 920 719 996 impositae
738 917 895 978 herniosos
914 920 1003 978 etiam
1022 919 1148 981 adultos
1168 931 1202 982 et

177 1008 315 1085 antiquos
338 1013 477 1084 potenter
500 1008 610 1066 iuvant.
1096 1063 1099 1067 .

122 1107 157 1158 31
266 1094 309 1154 dd
324 1097 435 1155 veretri
450 1091 581 1155 dolerem
599 1103 805 1173 tumoremque
820 1094 985 1156 remedium
1001 1096 1058 1156 sic:
1078 1095 1201 1181 betam,

178 1182 215 1242 de
247 1201 303 1261 qua
334 1201 449 1264 semen,
477 1184 610 1262 decoque
634 1202 670 1244 ex
693 1201 770 1261 aqua
792 1190 881 1262 atque
905 1202 939 1244 ea
962 1183 1085 1245 adsidue
1113 1205 1201 1248 vere·

177 1281 257 1332 trum
281 1290 335 1350 per
356 1273 486 1333 triduum
506 1275 570 1333 iove
590 1279 620 1332 et
638 1281 738 1332 tumor
757 1271 910 1333 sedabitur
928 1280 959 1332 et
978 1275 1083 1333 vitium
1106 1293 1201 1337 omne

122 1373 158 1421 32
177 1361 299 1421 reducta
323 1361 460 1439 pellicula
479 1360 640 1421 sanabitur.
679 1360 756 1421 Suco
776 1360 886 1421 herbae
905 1364 1070 1421 vettonicae
1090 1365 1202 1443 tepido

178 1452 246 1509 vino
274 1452 365 1510 mixto
393 1458 544 1510 veretrum
572 1444 694 1510 adsidue
725 1450 789 1509 iove
818 1449 864 1509 vel
892 1451 986 1527 ipsam
1016 1453 1122 1512 tritam
1148 1454 1201 1513 ad·

124 1551 158 1599 33
177 1556 262 1617 pone.
301 1538 472 1599 Portulacae
496 1556 586 1599 sucus
610 1537 682 1598 tubo
705 1537 850 1598 laboranti
874 1557 927 1617 per
951 1538 1130 1618 clysterium
1151 1544 1198 1602 in-

177 1629 288 1686 missus
308 1629 382 1686 mire
401 1627 537 1707 prodest3
555 1628 618 1704 ipsa
639 1628 727 1686 etiam
748 1629 817 1687 trita
832 1629 1062 1706 superimposita
1078 1630 1201 1692 iuvabit

178 1723 209 1774 et
232 1717 299 1793 quia
324 1717 382 1775 cito
406 1717 525 1794 arescit,
547 1714 718 1792 plusculum
739 1717 804 1775 suci
823 1718 888 1776 eius
907 1734 1082 1796 expressum
1104 1718 1201 1781 debet

178 1803 214 1863 ad
237 1804 488 1864 necessitudinem
511 1803 682 1864 huiusmodi
705 1805 860 1864 reservari.

123 1904 159 1952 34
267 1890 366 1951 Pulvis
385 1894 578 1952 tenuissimus
593 1891 629 1952 de
644 1894 732 1970 myrti
748 1891 826 1953 loliis
841 1892 980 1952 arefactis
994 1892 1090 1953 ulceri
1107 1914 1199 1958 vere-

123 1993 158 2042 35
178 1983 218 2042 tri
245 1983 400 2058 inspersus
428 1981 582 2041 celerrime
606 1980 736 2059 prodest.
777 1979 905 2041 Nucleos
929 1983 1032 2060 pineos
1057 1984 1197 2046 minutos

178 2078 320 2148 purgatos
344 2088 467 2130 numero
488 2068 569 2129 XXX
592 2069 707 2130 adiecto
730 2070 859 2149 pauxillo
883 2073 964 2130 croci
988 2070 1077 2130 simul
1102 2076 1198 2135 tritos

179 2160 204 2217 si
233 2161 300 2236 quis
329 2176 364 2216 ex
391 2160 472 2236 passi
500 2157 604 2237 cyatho
633 2159 742 2218 cotidie
767 2177 820 2235 per
843 2159 907 2219 dies
930 2157 1009 2218 Vllll
1031 2163 1198 2224 continuos

123 2259 159 2307 36
178 2244 269 2323 bibat,
292 2248 366 2304 mire
389 2249 475 2324 penis
494 2246 564 2306 vitio
584 2244 781 2331 celeriterque
801 2246 961 2307 sanabitur.
990 2245 1102 2307 Ervum
1123 2270 1198 2328 pur·

178 2340 278 2410 gatum
307 2332 441 2392 molitum
471 2341 500 2394 et
527 2335 558 2392 in
586 2333 709 2393 farinam
733 2336 938 2394 tenuissimam
962 2336 1118 2397 redactum
1145 2341 1197 2400 ad·

178 2423 255 2480 iecto
279 2421 355 2479 turis
379 2420 487 2499 polline
511 2439 580 2480 cum
603 2424 671 2480 vino
694 2429 793 2482 vetere
815 2430 934 2492 coctum
954 2424 1088 2502 tepidum
1107 2445 1196 2489 vere-

177 2518 225 2570 tro
249 2511 411 2588 inpositum
435 2519 464 2571 et
488 2509 661 2588 adopertum
685 2512 828 2572 citissime
851 2513 980 2590 prodest.

123 2615 159 2664 37
268 2597 368 2659 Verris
401 2598 559 2660 cerebrum
591 2606 709 2660 coctum
742 2608 772 2662 et
804 2620 870 2661 cum
904 2600 989 2662 melle
1022 2599 1197 2679 adpositum

124 2706 159 2756 ae
179 2688 377 2749 carbunculos
406 2691 436 2749 in
462 2697 580 2749 veretro
604 2688 765 2750 efficaciter
788 2698 880 2758 sanat,
925 2690 1004 2750 Dens
1028 2689 1197 2755 caballinus

179 2787 323 2839 contusus
346 2789 375 2838 et
398 2780 429 2838 in
452 2777 604 2856 pulverem
623 2779 833 2839 tenuissimum
851 2778 991 2839 redactus
1011 2789 1128 2838 veretro
1151 2785 1195 2842 in-

124 2884 159 2933 39
180 2885 302 2945 spersus
321 2867 483 2927 efficaciter
501 2866 632 2944 prodest.
665 2866 791 2927 drietini
809 2867 967 2947 pulmonis,
987 2867 1057 2927 dum
1075 2869 1107 2926 iu
1128 2888 1194 2930 cra·

178 2956 269 3016 ticula
293 2966 418 3036 assatur,
441 2973 532 3015 sucus
556 2962 699 3034 exceptus
721 2959 904 3035 myrmecias,
927 2957 1052 3034 quaein
1072 2967 1194 3020 veretro

179 3047 261 3105 nasci
285 3044 390 3124 solent,
412 3047 553 3104 unctione
578 3061 631 3103 sua
655 3051 763 3122 purgat
786 3053 816 3105 et
839 3045 969 3106 discutit.

125 3150 160 3197 40
268 3131 372 3192 Canini
400 3134 506 3211 capitis
531 3135 662 3192 recentis
685 3135 783 3193 exusti
805 3135 882 3193 cinis
905 3134 1016 3194 veretri
1039 3131 1083 3192 vel
1109 3139 1195 3196 testi-

178 3219 314 3279 culorum
343 3220 450 3280 tabidis
483 3228 514 3280 et
544 3220 652 3280 umidis
680 3219 832 3281 ulceribus
860 3223 1015 3299 inspersus
1042 3230 1094 3281 aut
1122 3241 1195 3285 cum

268 3428 301 3476 27
325 3421 420 3477 Verris
444 3424 600 3496 cerebrum]
622 3426 656 3492 cf.
673 3425 749 3480 Plio.
763 3442 790 3480 o.
805 3426 831 3480 a.
846 3429 889 3494 28,
905 3431 965 3480 ata.
1061 3432 1095 3480 28
1116 3426 1195 3488 Dens

177 3492 346 3565 caballinus]
366 3495 400 3560 cf.
415 3494 491 3548 Plio.
505 3511 533 3549 n.
547 3495 573 3552 lv.
588 3501 632 3564 30,
649 3502 690 3552 ta.
