2422 3878
549 127 767 190 „52-

155 290 240 350 dIcus
268 290 385 350 adicere
414 289 519 349 solitus
548 296 611 349 erat
639 291 727 348 etiam
756 287 967 367 mandragorae
996 293 1061 350 suci
1093 290 1170 350 -I

154 385 185 438 et
212 377 329 438 lentisci
357 380 422 438 suci
446 377 524 437 —I
559 396 592 438 ac
621 377 726 437 deinde
758 380 913 456 permixtis
948 378 1088 440 omnibus
1113 380 1170 441 lor·

154 484 235 526 mare
260 466 379 546 collyria
403 465 447 526 vel
470 466 603 545 pastillos
627 474 678 526 aut
700 468 731 525 in
757 484 806 526 vas
829 473 984 545 stagneum
1003 469 1170 530 recondere

155 565 184 616 et
203 573 271 616 cum
290 573 365 634 opus
385 561 464 615 esset
484 557 528 614 uti
546 555 582 615 ad
601 554 825 633 inunguendum
843 555 888 615 vel
903 555 1169 634 superliniendum.

118 661 134 710 9
153 643 207 704 Est
225 644 397 705 hulusmcdi
415 642 673 723 medicamentum,
696 643 774 721 quod
797 643 1043 721 perichristarion
1062 654 1192 706 vocants

154 733 271 811 Graeci,
296 732 374 811 quod
397 731 646 792 medicamentum
671 734 742 792 satis
766 731 869 791 efficax
894 741 952 813 est,
977 751 1036 812 quo
1059 736 1102 795 ita
1125 738 1169 796 uti

154 830 280 901 oportet,
300 828 333 880 ut
351 819 509 899 palpebrae
529 820 679 899 suptiliter
697 819 766 880 inde
787 820 1019 902 superlinantur,
1039 841 1076 882 ne
1097 823 1168 902 quid

152 912 229 970 intra
250 908 368 969 oculum
388 908 468 969 fluat,
505 909 622 988 Recipit
641 917 739 970 autem
755 908 841 969 haec:
866 908 951 969 Croci
971 909 1065 970 Siculi
1078 910 1105 970 X
1120 910 1168 992 III,

152 1015 285 1075 magmae
309 999 389 1057 croci
412 995 438 1055 X
461 996 528 1071 Xll,
553 999 628 1058 turis
652 996 749 1075 XIII,
773 996 912 1058 aluminis
935 998 1058 1059 rotundi
1076 999 1104 1059 X
1123 999 1167 1080 VI,

153 1088 202 1165 opi
225 1085 251 1144 X
274 1085 314 1168 ll,
337 1104 452 1165 myrrae
476 1085 502 1145 X
525 1086 564 1165 II,
591 1088 717 1146 cummis
740 1084 835 1145 XIII.
880 1085 924 1146 Ex
948 1089 1016 1147 rino
1041 1087 1200 1148 Falernae

151 1183 292 1235 teruntur
323 1174 396 1235 haec
429 1175 475 1234 vel
502 1181 702 1253 asperguntur
730 1181 760 1234 et
787 1193 856 1234 carm
884 1174 959 1235 bene
988 1175 1062 1237 levIa
1092 1177 1166 1238 lacta

152 1271 231 1344 srrnt,
250 1264 285 1323 ad
306 1263 533 1324 crassitudinem
549 1262 620 1323 honi
638 1262 733 1323 mellis
749 1264 924 1344 spissantur,
944 1264 1073 1324 adicitur
1087 1274 1164 1344 post-

152 1370 186 1411 ea
218 1355 298 1432 passi
331 1348 442 1412 Cretici
474 1351 499 1411 X
531 1350 544 1410 l
581 1359 611 1412 et
643 1354 798 1431 reponitur
830 1354 862 1411 in
893 1353 999 1432 pyxide
1036 1361 1165 1433 stagnea.

151 1440 225 1501 Cum
254 1443 333 1501 enim
362 1458 482 1519 passum
510 1441 658 1501 adiectum
687 1439 790 1520 luerit,
818 1439 973 1520 collyrium
997 1443 1069 1522 erit;
1098 1461 1163 1503 nam

99 1544 131 1594 10
151 1547 187 1589 ex
214 1532 279 1609 ipso
309 1529 454 1607 superlini
481 1529 578 1590 dehet.
623 1527 704 1588 Bene
732 1528 801 1589 facit
828 1528 885 1588 hoc
915 1529 1163 1592 medicamentum
1175 1544 1196 1585 n

151 1619 187 1678 ad
211 1618 438 1697 superIInendos
460 1617 570 1697 oculos,
595 1635 653 1695 quo
672 1617 824 1694 Augustus
843 1635 916 1678 usus
937 1626 996 1678 est:
1019 1618 1164 1680 AlumInIs

151 1708 213 1768 fissi
231 1706 257 1766 X
277 1706 337 1787 XL,
360 1709 436 1767 turis
455 1705 481 1765 X
500 1705 534 1786 X,
558 1705 636 1765 aloes
655 1704 681 1764 X
701 1704 760 1786 XV,
785 1708 865 1766 croci
884 1705 910 1765 X
927 1704 988 1786 XV,
1011 1709 1063 1787 opi
1081 1707 1106 1767 X
1130 1707 1163 1787 II,

150 1795 242 1874 gallae
261 1795 287 1855 X
306 1794 342 1875 X,
367 1813 450 1855 rosae
470 1794 608 1854 loliorum
627 1795 779 1854 aridorum
797 1793 824 1853 X
842 1793 877 1874 X,
900 1794 1080 1874 plantaginis
1100 1799 1163 1857 suci

150 1883 196 1945 vel
224 1886 346 1944 seminis
373 1882 399 1942 X
423 1881 457 1942 X.
504 1881 546 1941 Ex
580 1884 647 1942 vino
680 1882 806 1942 Falerno
839 1891 979 1944 teruntur
1011 1883 1085 1945 haee
1118 1884 1164 1945 vel

150 1981 350 2052 asperguntur
377 1981 406 2031 et
434 1988 502 2031 cum
528 1970 601 2030 levia
624 1970 700 2031 facta
725 1980 794 2031 sunt
816 1989 850 2031 ac
876 1970 971 2032 mellis
996 1974 1193 2052 spissitudi-so

149 2079 217 2120 nem
241 2059 359 2139 habent,
383 2059 509 2119 adicitur
531 2059 579 2120 his
602 2062 682 2138 passi
706 2060 853 2120 sextarius
871 2060 917 2120 rel
937 2061 1014 2139 quod
1036 2061 1163 2122 sufficiat

98 2162 130 2211 11
150 2156 180 2208 et
214 2150 371 2227 reponitur
402 2150 432 2206 in
465 2166 533 2208 vaso
566 2155 688 2227 stagneo
720 2147 766 2208 rel
799 2157 947 2227 argenteo.
1002 2149 1161 2229 Collyrium

149 2238 267 2314 nigrum
295 2235 331 2296 ab
360 2236 506 2314 AntIgono
535 2245 688 2314 repertum
721 2237 756 2297 ad
785 2240 882 2297 omnia
910 2239 1022 2298 Intacta
1051 2238 1160 2300 faciens

149 2326 269 2403 accipit:
307 2323 443 2384 Cadmiae
470 2324 496 2384 X
524 2324 630 2384 XXXV
658 2325 692 2405 S,
723 2325 808 2386 stibis
839 2325 865 2385 X
893 2324 1016 2405 XXIIII,
1050 2329 1161 2406 piperis

149 2413 174 2472 X
193 2412 270 2493 VIII,
294 2414 444 2490 aeruginis
467 2432 550 2474 rasae
574 2411 694 2493 XVIII,
719 2416 844 2474 cummis
863 2412 888 2472 X
908 2412 1029 2496 XXHH,
1053 2419 1191 2476 scritura

148 2519 184 2561 ex
208 2519 283 2580 aqua
306 2500 463 2579 pluviatica
486 2512 574 2581 atque
598 2502 764 2562 coniicitur.
810 2502 935 2563 Cosmus
960 2502 1071 2564 adiecit
1093 2505 1160 2564 huic

147 2589 269 2669 collyrio
297 2599 473 2650 centaureae
502 2593 600 2651 tenuis
629 2592 693 2651 suci
716 2589 742 2649 X
765 2588 804 2670 X,
833 2591 913 2668 quod
941 2599 1022 2652 recte
1052 2593 1160 2654 factum

96 2691 127 2740 12
148 2696 225 2739 reor.
271 2677 440 2759 Collyrium,
464 2679 542 2757 qnod
566 2679 601 2738 ad
626 2697 743 2739 omnem
767 2678 938 2757 epiphoram
963 2689 993 2740 et
1016 2681 1159 2761 inquieta·

147 2771 258 2828 tionem
287 2775 316 2828 et
344 2776 491 2827 tumorem
521 2768 590 2827 iacit
618 2767 780 2828 sedandum
809 2769 872 2827 sine
900 2767 1013 2847 dolore,
1053 2771 1160 2848 accipit

146 2857 233 2918 haec:
262 2855 470 2936 Pompholygis
493 2855 519 2915 X
543 2855 621 2937 VIII,
645 2859 758 2917 cicutae
783 2858 848 2917 suci
871 2856 954 2936 aridi,
977 2856 1007 2916 id
1032 2865 1080 2918 est
1103 2860 1188 2919 sic-³⁰

147 2949 212 3024 cati,
235 2944 261 3004 X
285 2944 334 3025 Vl,
359 2947 409 3025 opi
432 2945 458 3005 X
480 2944 547 3027 IIII,
571 2946 782 3024 mandragorae
806 2946 870 3005 suci
894 2945 970 3005 aridi
993 2944 1072 3025 XV,
1095 2965 1156 3007 aca-

146 3035 208 3092 cIae
228 3032 322 3110 XVI,
349 3035 474 3095 cummis
493 3033 519 3093 X
538 3033 569 3113 V,
593 3036 701 3094 teritur
725 3051 760 3093 er
784 3033 934 3094 coriandri
957 3037 1055 3094 teneri
1079 3053 1158 3096 suco.

146 3120 208 3180 Hoc
237 3119 391 3199 collyrium
420 3123 540 3200 prodest
564 3125 652 3182 etiam
676 3128 758 3181 extra
782 3121 884 3182 oculos
907 3130 1100 3204 perunctum,
1130 3123 1158 3184 id

93 3221 125 3269 13
146 3216 193 3269 est
215 3207 424 3269 circumlitum.
457 3211 617 3290 Collyrium
632 3208 667 3268 ab
682 3208 854 3289 Asclepiade
869 3209 904 3269 ad
921 3210 1081 3289 epiphoras
1095 3230 1157 3290 spe·

216 3412 396 3483 3pastellos.
442 3413 544 3484 tque]
564 3413 646 3480 quod.
700 3414 844 3483 8recepit.
897 3414 990 3470 Sicoli.
1048 3422 1084 3472 2⁵1
1099 3433 1158 3472 cen·

168 3485 278 3540 luricae.
351 3490 384 3539 29
404 3483 462 3538 sine
482 3484 607 3539 dolorem
625 3485 694 3554 (sic).
