2422 3878
532 100 773 165 —130-

46 254 51 261 ’
151 271 182 324 et
200 262 258 323 mel
272 263 394 342 Lycium
415 268 557 340 quantum
577 262 705 324 sufficiat
719 263 834 342 aequali
847 281 987 325 mensura
1001 267 1161 348 permisce3

151 351 260 430 quibus
282 350 374 411 rebus
398 351 600 411 dentifricium
624 352 775 430 egregium
799 352 903 433 iacies,
927 353 1007 432 quod
1031 353 1161 416 dolorem

150 441 284 501 dentium
313 439 396 501 sedat
423 457 534 517 eosque
562 440 718 500 confirmat
744 449 775 500 et
797 441 1024 502 candidissimos
1052 442 1162 525 reddit5

151 528 203 589 sed
233 547 307 607 quae
335 527 458 588 terenda
487 535 569 607 sunt,
600 527 825 607 diligentissime
853 537 1049 592 conterantur
1075 539 1163 610 atque

151 616 317 678 criblentur
335 624 365 677 et
384 618 427 676 sic
446 618 543 676 omnia
562 618 757 698 misceantur3
776 617 856 697 quod
871 617 1074 679 dentifricium
1094 637 1184 680 nec-s

151 724 211 766 non
239 714 269 766 et
295 705 350 765 alia
378 706 476 764 omnia
503 723 595 783 supra
624 705 702 766 dicta
729 707 761 766 in
788 706 945 786 pyxidibus
973 707 1082 786 ligneis
1114 717 1164 769 aut

151 795 268 854 corneis
290 792 400 853 debent
422 793 552 853 recondi.

560 985 640 1047 cle.
664 985 754 1048 xtnr.
855 954 860 960 ’

150 1099 245 1154 Uvae
273 1101 309 1155 st
336 1097 494 1153 faucibus
522 1100 557 1153 et
584 1097 716 1154 arteriis
745 1101 781 1154 et
806 1099 983 1155 raucedini
1012 1101 1165 1158 remedie

195 1187 335 1257 physica
359 1189 393 1241 et
415 1186 627 1242 rationabilia
650 1187 783 1244 divorsa
805 1189 848 1243 de
871 1187 1124 1257 experimentis.

116 1341 131 1388 1
240 1323 283 1384 hd
307 1323 437 1384 saucium
461 1340 594 1401 uvasque
618 1330 766 1383 tumorem
789 1323 844 1384 hac
867 1323 929 1384 sere
957 1341 1062 1385 omnes
1086 1344 1164 1386 com-

151 1414 298 1491 positione
323 1414 367 1472 uti
391 1411 513 1491 debent,
542 1412 611 1490 quia
640 1410 750 1471 nullam
777 1411 993 1491 aspritudinem
1021 1412 1164 1474 habetet

150 1504 221 1562 satis
246 1502 349 1562 efficax
368 1509 427 1562 est:
451 1500 528 1560 Uvae
548 1501 688 1559 Amineae
707 1499 840 1579 acerbae,
859 1517 927 1561 cum
945 1502 1078 1579 primum
1098 1520 1161 1580 gra·
1176 1521 1199 1560 ro

150 1609 222 1651 num
245 1592 309 1650 eius
333 1592 439 1668 incipit
461 1587 626 1667 perlucere,
650 1590 715 1648 suci
738 1585 770 1648 8
789 1587 852 1667 llll,
874 1588 970 1649 mellis
987 1591 1080 1650 Attici
1100 1588 1163 1650 fal

149 1682 273 1740 misceto
301 1680 331 1737 in
359 1696 452 1737 unum
482 1683 570 1754 atque
598 1679 629 1736 in
657 1695 748 1737 aeneo
781 1695 850 1737 vaso
882 1679 1002 1758 coquito
1036 1678 1164 1739 subinde

149 1785 279 1846 movens,
299 1765 393 1826 donee
412 1763 507 1825 mellis
525 1764 633 1826 habeat
651 1764 884 1848 spissitudinem,
903 1776 991 1846 atque
1011 1766 1082 1827 inde
1102 1768 1163 1828 lau·

112 1871 200 1918 2ces
230 1855 393 1932 continges.
434 1853 533 1913 Altera
562 1852 598 1913 ad
626 1854 774 1915 eiusmodi
800 1854 951 1916 molestias
976 1859 1163 1935 compositio,

150 1962 217 2004 cum
245 1943 358 2002 diutius
386 1949 505 2001 vexatae
535 1949 605 2002 sunt
632 1950 733 2021 partes
761 1961 851 2022 supra
878 1943 988 2020 dictae,
1017 1951 1051 2004 ut
1076 1944 1199 2005 lacilers

150 2031 319 2109 placentur:
342 2030 488 2090 hluminis
507 2030 570 2089 lissi
588 2028 664 2111 llll,
687 2031 779 2109 gallae
801 2039 907 2092 tunsae
927 2031 1003 2111 xil,
1025 2033 1165 2111 omphaci

150 2118 226 2178 arieli
248 2118 274 2177 li
293 2118 319 2196 l,
347 2120 428 2179 croci
452 2117 521 2198 ill,
544 2121 625 2198 passi
644 2119 758 2181 Cretici
780 2117 852 2181 M
897 2119 960 2180 Hoc
984 2120 1164 2199 decoquitur

150 2225 219 2267 vaso
243 2205 327 2266 fictili
349 2206 385 2266 ad
410 2207 530 2286 medias,
553 2209 594 2267 ita
617 2215 651 2268 ut
676 2225 750 2287 quae
773 2209 896 2269 terenda
914 2217 985 2270 sunt
1003 2208 1163 2288 diligenter

149 2297 220 2357 trita
239 2294 467 2356 admisceantur.
494 2295 661 2375 Utrumque
680 2303 778 2356 autem
797 2297 1047 2357 medicamentum
1067 2300 1162 2377 signa·

149 2392 213 2444 tum
243 2392 364 2462 stagneo
394 2384 599 2463 reponendum
627 2393 673 2444 est
699 2383 818 2444 vasculo
847 2393 877 2446 et
903 2403 959 2446 uva
987 2384 1033 2445 vel
1061 2387 1200 2446 laucesao

112 2487 129 2535 3
150 2472 272 2533 adsidue
295 2473 364 2534 inde
388 2473 559 2551 tangendae.
593 2472 649 2533 Ubi
673 2475 848 2552 suppuratio
871 2473 1000 2534 lancium
1022 2483 1162 2553 suspecta

149 2570 196 2622 est
218 2561 331 2622 diutius
354 2569 546 2641 permanente
570 2579 672 2622 earum
695 2568 812 2622 tumore
840 2570 871 2622 et
897 2563 1048 2622 interdum
1073 2563 1162 2623 lebri-

149 2650 224 2712 culis
244 2669 304 2711 non
323 2653 387 2711 sine
406 2651 531 2710 horrore
549 2649 781 2730 incurrentibus,
796 2650 946 2729 oportebit
959 2650 1079 2729 quidem
1097 2670 1163 2729 gar-

148 2739 267 2819 galizari
290 2758 396 2819 aquam
419 2739 545 2799 mulsam
571 2737 615 2798 vel
639 2757 706 2799 cum
730 2740 794 2799 licis
813 2739 904 2800 aridis
924 2739 1086 2822 decoctam,
1108 2740 1161 2800 sed

147 2832 296 2908 perungui
311 2830 410 2890 lauces
425 2826 497 2887 utile
513 2834 559 2886 est
572 2825 628 2887 hoc
642 2827 867 2908 medicamento,
887 2846 944 2906 qua
958 2835 1056 2889 tactus
1070 2830 1160 2890 susti·
1174 2845 1200 2886 as

148 2935 220 2978 nere
248 2920 358 2995 poterit
385 2916 473 2995 paulo
501 2917 648 2996 pressius,
677 2915 755 2994 quod
783 2917 940 2977 conficitur
968 2918 1024 2977 sic:
1065 2915 1162 2978 hlellis

148 3003 219 3064 boni
242 3007 409 3085 despumati
427 3005 584 3085 heminam,
607 3006 723 3065 resinae
742 3003 959 3066 terebinthinae
977 3004 1009 3065 P.
1028 3004 1050 3085 l,
1074 3024 1161 3066 rosae

149 3093 244 3151 siccae
265 3093 386 3171 cyathos
400 3092 432 3153 V.
460 3094 600 3154 Resinam
619 3112 687 3154 cum
706 3111 774 3154 rosa
787 3093 899 3173 duplici
913 3111 990 3174 vaso,
1012 3102 1047 3154 ut
1063 3093 1164 3154 solent

148 3183 339 3256 unguentarii
358 3183 411 3259 uti,
434 3179 581 3258 liquefieri
600 3188 726 3261 oportet,
750 3181 857 3242 deinde
876 3182 1033 3243 admisceri
1052 3183 1111 3243 mel
1131 3191 1163 3243 et

219 3312 415 3367 hmiscentur.
502 3320 535 3368 16
554 3314 648 3383 gallae
665 3318 765 3372 tunsae
782 3315 809 3371 Ξ
823 3315 850 3371 ΙΙ
867 3332 918 3371 om.
1004 3321 1039 3371 25
1057 3334 1162 3386 perun-

146 3383 236 3451 gueri.
290 3382 534 3440 medicamentum.
591 3387 699 3443 austeri.
755 3394 788 3444 27
806 3385 1003 3444 terebintinae.
1057 3394 1093 3443 28
1107 3388 1163 3442 sic·

145 3459 207 3519 cae]
225 3455 283 3510 snei
299 3454 456 3512 Ooruorlue.
530 3463 564 3513 29
583 3459 698 3529 oportit.
