2422 3878
549 134 786 211 -360÷

166 299 288 377 cipitur,
313 296 390 375 quod
414 299 570 376 reponitur
594 295 677 356 lictili
700 313 785 376 vaso3
809 295 878 356 lacit
902 295 937 355 ad
961 312 1053 354 omne
1078 297 1189 358 vitium

166 394 196 445 et
220 385 351 445 dolorem
375 383 511 464 corporis
535 393 564 444 et
587 402 746 444 nervorum
770 385 924 444 universas
946 382 1115 445 molestias,

129 482 145 530 8
254 474 386 552 Acopum
415 473 450 533 ad
478 472 701 553 perfrictionem
729 480 759 533 et
785 471 990 532 lassitudinem
1018 479 1052 532 et
1076 490 1189 533 nervoe

164 580 232 622 rum
256 561 401 640 dolorem,
425 560 503 639 quod
526 560 627 620 odoris
652 562 878 640 gravioris'est3
901 578 967 620 nam
990 559 1068 645 illud
1093 578 1187 639 supe·

165 653 228 710 rius
247 650 317 711 boui
336 649 436 709 odoris
455 656 514 728 est,
526 645 640 726 'accipit
659 648 946 709 haecz'bmmoniaci
960 655 1064 725 guttae
1080 647 1108 708 II
1124 649 1187 723 XV,
1203 686 1207 700 ·

165 739 282 817 galbani
305 737 330 796 II
349 735 417 816 IIII,
441 738 556 796 resinae
580 736 797 797 terebinthinae
821 735 846 795 X
866 735 911 817 VI,
934 754 1019 796 cerae
1045 736 1073 795 x
1092 735 1187 820 XXV,

165 824 261 887 mellis
284 825 315 884 P.
335 823 374 902 lI,
398 823 456 883 olei
478 827 588 885 veteris
612 822 643 884 8
662 825 688 904 I,
712 826 814 903 oesypi
841 823 920 903 -I,
943 823 1093 884 medullae
1119 845 1187 886 cer·

164 917 249 974 vinae
274 911 360 990 -I,
387 915 566 991 opopanacis
590 912 614 972 II
637 912 687 993 VI;
716 913 835 992 quidam
862 911 918 972 hoc
947 929 1006 972 nou
1036 913 1186 975 adiciunt.

165 1002 283 1079 Geram,
312 999 409 1060 oleum
438 1008 468 1060 et
491 1001 721 1064 terebinthinam
743 1000 890 1079 liquefieri
913 1007 1045 1080 oportet,
1073 1001 1186 1063 deiude

165 1097 264 1151 cetera
283 1087 369 1166 adici,
388 1091 580 1149 novissimum
600 1079 815 1149 ammonianum
835 1088 904 1148 addi
921 1090 1027 1148 tritum
1048 1092 1207 1152 curiose1

166 1177 229 1238 Hoc
253 1178 304 1255 qui
328 1184 491 1254 perunctus
514 1177 614 1257 fuerit,
639 1178 727 1237 etiam
750 1196 766 1238 a
790 1183 929 1255 serpente
951 1184 1036 1236 tutus
1062 1180 1134 1239 erit.

130 1276 146 1324 9
256 1265 401 1346 Acopum,
428 1284 487 1344 quo
511 1267 573 1325 lere
595 1282 715 1344 ,semper
736 1264 818 1325 Liria
842 1265 973 1342 Augusta
997 1271 1027 1325 et
1051 1265 1187 1328 Antonia

165 1373 236 1415 usae
264 1359 347 1433 suut,
375 1353 445 1414 facit
473 1353 509 1414 ad
538 1354 759 1434 perfrictiones,
787 1352 936 1413 arthritim
963 1359 994 1412 et
1017 1371 1186 1416 nervorum

166 1444 298 1503 omnium
322 1441 448 1522 dolores,
472 1443 558 1502 cuius
577 1443 733 1524 perunctio
752 1459 811 1501 nou
830 1443 942 1519 patitur
959 1440 1187 1519 perfrigescere

166 1540 251 1592 artus
270 1539 299 1590 et
318 1531 509 1607 refrigeratos
524 1529 669 1608 calefacit3
689 1533 877 1608 componitur
891 1529 987 1588 hieme
1002 1528 1062 1588 hoc
1077 1531 1208 1593 modom

165 1620 268 1698 Adeis
297 1618 334 1677 de
362 1636 453 1695 porca
482 1617 576 1677 sterili
599 1617 629 1677 P.
649 1617 688 1677 III
718 1617 763 1677 vel
792 1620 880 1677 etiam
904 1618 1060 1677 anserinae
1086 1618 1187 1698 adipis

164 1709 243 1769 idem
272 1705 426 1785 ponderis,
455 1724 542 1783 quam
570 1724 646 1784 aqua
673 1705 781 1784 frigida
807 1704 883 1765 bene
910 1704 1001 1764 lavari
1028 1713 1124 1784 atque
1155 1711 1186 1769 iu

166 1814 275 1857 novum
298 1792 450 1854 vasculum
474 1795 571 1853 conici
594 1801 723 1876 oportet,
746 1795 796 1854 cui
818 1793 895 1853 adici
919 1792 1028 1853 debent
1051 1796 1116 1855 viui
1137 1815 1186 1856 ve-

167 1886 240 1944 teris
269 1883 382 1943 odorati
410 1878 505 1942 &111
539 1892 568 1942 et
596 1884 711 1960 species
739 1882 816 1941 inlra
844 1882 973 1960 scriptae
1000 1892 1063 1941 non
1092 1886 1185 1945 nimis

165 1980 308 2034 contusae
336 1970 476 2050 ponderis
503 1970 606 2031 huius:
642 1969 847 2049 Xylocinnami
877 2002 915 2013 -
945 1968 970 2050 I,
998 1969 1205 2034 cardamomi

166 2060 255 2140 -I,
283 2061 385 2138 cyperi
409 2092 448 2101 —
470 2058 495 2138 1,
524 2058 647 2119 schoeni
669 2092 713 2100 —
731 2057 784 2137 III,
807 2076 892 2118 rosae
917 2057 1014 2117 aridae
1038 2057 1186 2122 foliorum

168 2183 206 2192 —
228 2148 249 2228 I,
273 2146 402 2207 sertulae
422 2145 585 2225 Campanae
608 2146 734 2207 corollas
758 2145 793 2206 X.
825 2144 905 2206 llaec
929 2146 1026 2206 omnia
1050 2148 1185 2210 inferve-

165 2238 241 2296 fiunt
269 2253 360 2313 super
387 2233 544 2314 carbones,
577 2233 684 2293 deinde
717 2234 890 2310 refrigerata
920 2235 1024 2294 eodem
1052 2237 1186 2298 caccabo

165 2330 352 2401 reponuntur
380 2329 560 2398 posteroque
588 2320 636 2401 die
663 2323 773 2381 iterum
797 2322 989 2382 inlcrreliunt
1011 2324 1186 2386 recondun-

166 2419 274 2489 turque
299 2408 402 2468 codem
425 2408 526 2488 modo;
549 2411 637 2469 tertio
662 2408 709 2468 die
731 2427 837 2469 rursus
861 2409 1001 2470 calefiunt
1024 2417 1054 2470 et
1079 2413 1209 2474 celan-2

166 2508 216 2560 tur
249 2516 302 2577 per
334 2496 459 2556 liuteum
491 2495 537 2557 vel
570 2515 605 2556 ex
637 2498 728 2557 iunco
755 2497 833 2558 facto
861 2498 897 2559 de
925 2498 1073 2559 industria
1102 2502 1187 2585 colo;

165 2590 267 2648 vinum
290 2603 397 2646 rursus
420 2593 509 2663 atque
533 2585 628 2663 adipis
652 2585 732 2664 quod
755 2594 893 2664 superest
915 2589 947 2646 in
970 2586 1050 2646 aliud
1069 2606 1187 2651 uorum

165 2695 217 2737 vas
241 2677 403 2755 conicitur;
426 2673 531 2734 deinde
556 2674 608 2735 ubi
630 2674 830 2753 congelaverit
852 2693 884 2735 se
906 2674 1005 2755 adeps,
1029 2679 1188 2753 oportebit

167 2765 293 2826 fundum
317 2762 435 2824 caccabi
458 2763 606 2841 perforari
628 2769 658 2822 et
681 2764 781 2824 vinum
806 2781 892 2823 omne
916 2765 1012 2823 emitti
1035 2770 1127 2842 atque
1154 2771 1188 2829 in

167 2856 297 2932 priorem
322 2851 479 2913 caccabum
504 2852 620 2929 adipem
644 2851 767 2912 eandem
791 2852 888 2912 conlci
911 2860 941 2910 et
963 2853 1023 2911 vini
1044 2854 1188 2927 eiusdem

168 2944 297 3003 recentis
325 2941 448 3001 eandem
476 2957 646 3000 mensuram
678 2940 756 3000 adici
789 2942 965 3018 speciesque
997 2957 1058 3000 uon
1092 2945 1189 3006 nimis

168 3039 308 3091 contusas
341 3047 437 3107 neque
471 3028 670 3108 percribratas
697 3027 750 3088 has
778 3028 909 3089 infundi:
946 3027 1037 3087 Nardi
1065 3028 1188 3109 Syriaci

168 3119 257 3196 -I,
286 3117 434 3177 saliuncae
457 3149 500 3160 -
520 3116 544 3197 I,
572 3118 681 3177 amomi
702 3149 747 3158 -
769 3115 795 3192 I,
824 3119 982 3177 casiae-
1009 3115 1033 3195 l,
1062 3135 1188 3198 myrrae

168 3236 209 3246 —
230 3204 264 3283 Il,
288 3207 419 3265 ciunami
438 3235 476 3247 -
499 3204 534 3285 II,
557 3222 643 3265 rosae
662 3204 760 3265 aridae
780 3204 918 3265 loliorum
936 3237 981 3247 -
999 3204 1033 3263 II.
1066 3205 1188 3272 Deinde

166 3310 252 3351 mane
286 3291 377 3351 semel
408 3302 438 3353 et
465 3295 496 3353 in
523 3301 611 3353 nocte
639 3291 731 3352 semel
757 3294 882 3353 mixtum
911 3293 967 3354 hoc
997 3293 1210 3360 iuiervelicri

259 3485 291 3534 17
310 3477 386 3532 idem
403 3479 511 3547 pondua
530 3478 654 3534 Scribon.
