2422 3878
505 135 745 200 -278-

120 299 218 359 testim
233 297 325 379 dolor,
344 316 412 358 cnm
428 316 477 359 eas
492 299 633 358 deiecerit
647 299 842 378 torminosus3
858 305 926 377 post
939 298 1141 360 iniectionem

119 405 190 447 sane
214 387 301 448 detur
325 385 419 448 cibus.

67 486 102 535 24
209 475 296 537 Aliud
319 475 576 556 medicamentum,
600 475 679 553 quod
702 476 827 536 mirifice
847 475 970 554 prodest
988 479 1141 538 tormino-

120 566 170 645 sis,
194 567 255 626 sive
279 564 393 624 febrem
416 562 574 624 habuerint
598 581 651 623 seu
675 566 739 626 sine
763 564 845 624 febre
869 564 992 625 luerint:
1018 564 1140 627 Planta-

119 655 196 733 ginis
225 654 290 713 suci
317 650 434 711 hemina
463 651 568 729 frigida
596 651 642 712 rel
670 652 769 731 tepida
797 653 957 713 inmittitur
989 671 1045 730 per
1078 655 1166 735 ely-5

119 749 231 802 sterem
260 743 291 800 in
319 757 409 799 anum
439 739 483 799 vel
515 758 570 817 per
598 758 630 801 se
659 740 720 800 sola
748 741 793 801 vel
816 759 884 801 cum
908 743 975 801 vino
999 760 1036 802 ex
1061 745 1142 822 piris

120 830 249 909 Syriacis
273 828 358 888 facto.
400 826 463 888 Hoc
488 829 737 890 medicamentum
762 831 851 890 etiam
874 830 900 889 si
924 847 1012 907 aeger
1032 829 1141 892 cibum

118 918 279 996 horrescit,
308 917 440 977 restituit
464 918 491 977 ei
515 917 707 996 cupiditatem
731 917 940 997 manducandi3
966 916 1038 978 facit
1061 937 1140 980 vero

120 1007 206 1065 sitem
230 1003 455 1086 intolerabilem,
479 1005 531 1065 sed
554 1006 705 1066 moderate
729 1004 899 1066 bibendum.
975 1010 978 1014 '

65 1101 99 1150 25
208 1092 346 1153 Pastillus
370 1093 406 1153 ad
430 1095 610 1155 torminosos
629 1094 732 1155 efficax
752 1094 909 1154 conficitur
928 1095 984 1154 sic:
1007 1094 1137 1158 Acaciae
1153 1099 1177 1154 fo

119 1181 189 1262 III,
213 1181 282 1242 mali
305 1183 421 1259 granati
444 1184 565 1243 corticis
588 1182 614 1243 II
633 1181 706 1263 VIII,
729 1181 820 1261 gallae
845 1180 981 1261 Syriacae
1004 1184 1138 1247 inmatu-

118 1289 168 1330 rae
192 1269 218 1328 11
242 1269 278 1350 V,
308 1272 424 1349 soporis
448 1271 473 1330 11
497 1270 533 1351 V,
561 1273 651 1351 myrti
679 1271 819 1332 bacarum
846 1272 1000 1349 nigrarum
1023 1270 1050 1330 11
1073 1272 1138 1351 VII,

118 1359 200 1439 rhuS,
220 1359 299 1438 quod
319 1361 438 1420 coriarii
457 1367 592 1440 utuntur,
611 1358 730 1419 XVIIII
752 1359 797 1420 vel
817 1359 950 1420 eiusdem
965 1361 1031 1420 suci
1045 1359 1072 1419 11
1087 1360 1137 1444 VI,

118 1447 222 1508 alterci
245 1449 366 1508 semInis
390 1447 416 1507 11
435 1446 509 1528 VIII,
532 1449 609 1508 turis
632 1446 658 1507 11
682 1446 754 1527 11111,
778 1447 852 1509 rhus
877 1446 990 1527 Syriaci
1011 1446 1038 1506 11
1058 1448 1135 1511 VIII.

117 1534 196 1596 Haec
216 1537 313 1595 omnia
333 1537 503 1596 animantur
521 1543 640 1615 praeter
659 1537 795 1616 acaciam,
815 1544 872 1618 tus,
892 1538 993 1614 opium
1012 1544 1043 1597 et
1061 1555 1175 1598 con-15

117 1624 286 1685 tunduntur
309 1640 444 1684 seorsum
470 1632 500 1684 et
523 1626 554 1683 in
578 1643 671 1685 unum
693 1625 858 1685 miscentur
880 1626 1009 1704 vinoque
1033 1629 1135 1687 omnia

116 1715 246 1791 myrtino
270 1720 509 1790 consparguntur
532 1719 621 1791 atque
644 1715 674 1773 in
698 1713 805 1792 pyxide
824 1712 908 1773 fictili
929 1722 1135 1796 reponuntur,

118 1803 144 1860 si
168 1803 235 1879 quis
258 1799 336 1860 volet
358 1799 491 1877 pastillos
516 1800 621 1883 Iacere,
645 1801 752 1862 adiciet
770 1803 898 1880 gummis
917 1800 942 1860 11
961 1799 1007 1862 vl.
1044 1801 1132 1864 Dabi-

117 1898 168 1948 tur
187 1907 223 1948 ex
240 1888 297 1948 boc
315 1888 532 1949 medicamento
551 1891 651 1950 ieiuno
673 1890 837 1949 torminoso
856 1888 882 1948 11
901 1907 979 1949 unus
998 1908 1035 1951 ex
1055 1909 1133 1971 aqua

118 1976 163 2038 vel
183 1995 218 2037 ex
237 1978 306 2037 rino
325 1979 417 2037 mixto
436 1984 558 2056 myrteo.
600 1976 681 2038 Idem
701 1978 950 2038 medicamentum
969 1980 1132 2040 inmittitur
1147 1998 1173 2038 eo

117 2083 172 2143 per
196 2065 352 2145 clysterem
377 2066 412 2126 ad
437 2084 606 2127 mensnram
629 2068 710 2127 iuxta
733 2067 812 2126 vires
835 2067 990 2144 cuiusque.

64 2157 98 2205 26
207 2151 289 2212 Vinis
313 2156 359 2213 uti
382 2161 500 2231 oportet
522 2157 702 2215 torminosos
721 2173 758 2215 ex
776 2161 872 2233 myrto
892 2162 922 2214 et
940 2156 1014 2233 plris
1034 2154 1133 2235 Syria·

117 2243 169 2319 cie,
194 2257 230 2298 ex
253 2240 338 2299 malis
360 2240 499 2318 cydoneis
523 2249 552 2301 et
575 2241 754 2324 terebintho,
779 2261 814 2302 ex
837 2242 910 2302 rhus
934 2245 1070 2323 coriario,
1095 2263 1133 2304 ex

117 2326 222 2407 glande
248 2329 398 2407 quercina,
422 2346 458 2387 ex
486 2327 628 2411 lapathio,
652 2348 687 2389 ex
714 2330 817 2409 populi
841 2331 954 2411 fructu,
983 2349 1019 2391 ex
1045 2332 1132 2413 rubo,

117 2434 154 2476 ex
168 2414 362 2494 hypocistide.
387 2416 468 2485 Quae
483 2419 580 2477 omnia
599 2418 808 2498 decoquuntur
827 2437 962 2480 seorsum
977 2438 1046 2481 cum
1059 2422 1130 2481 vino
1144 2437 1170 2477 eo

118 2504 296 2564 Surrentino
320 2511 371 2565 aut
395 2503 530 2586 Signino,
556 2508 670 2584 potioni
693 2526 763 2567 vero
786 2507 967 2568 admiscetur
990 2526 1067 2587 aqtra
1091 2511 1132 2570 ci-

119 2595 252 2655 sternina
276 2593 397 2654 decocta
421 2601 451 2654 et
473 2593 529 2655 sub
553 2595 619 2655 diro
642 2597 746 2674 posita.

65 2685 98 2736 27
207 2682 334 2742 Prodest
361 2684 532 2744 torminosis
556 2683 601 2744 lac
624 2690 741 2765 potum,
769 2685 800 2743 in
829 2684 907 2762 quod
935 2683 1050 2762 lapides
1073 2684 1133 2746 fer·

118 2781 221 2833 ventes
250 2774 368 2851 saepius
396 2771 442 2832 vel
471 2773 584 2833 ferrum
612 2772 742 2833 candens
771 2771 932 2833 demissum
965 2773 1073 2854 fuerit,
1106 2776 1133 2834 si

117 2868 217 2921 tamen
240 2879 299 2920 non
323 2859 543 2922 febricitabunt.
1146 2879 1171 2918 oo

64 2953 98 3001 28
207 2949 273 3009 Cibi
300 2957 426 3028 prosunt
451 2951 622 3010 torminosis
645 2949 829 3012 huiusmodi:
861 2949 949 3009 Panis
972 2947 1133 3010 fermenta·

118 3044 167 3096 tus
191 3037 297 3117 durus,
325 3038 424 3116 pultes
449 3038 595 3119 diversae,
622 3037 763 3098 lenticula
787 3043 870 3098 aceto
894 3037 1025 3117 condita,
1050 3036 1133 3098 bras·

118 3126 188 3205 sica,
211 3125 357 3206 plantago,
381 3126 483 3207 intiba,
505 3126 580 3186 mala
604 3126 743 3204 cydonea,
766 3143 840 3186 urae
864 3144 899 3185 ex
919 3124 992 3206 ollis,
1016 3125 1133 3204 palmae

208 3275 362 3330 belistere.
454 3277 613 3332 Sorresoit.
713 3281 745 3330 12
765 3278 871 3346 operis:
891 3276 950 3348 opii
969 3276 1133 3334 Carnarius.

120 3351 153 3399 13
174 3362 229 3414 quo
249 3345 408 3400 Coronatus.
461 3352 493 3400 19
513 3348 757 3402 medicamentum.
803 3353 836 3402 21
857 3349 985 3418 clystere.
1031 3355 1068 3404 24
1082 3368 1134 3420 pn·

117 3416 185 3486 puli.
265 3421 298 3469 25
318 3417 541 3483 dequoquuntur.
617 3422 652 3471 28
671 3416 845 3474 torminosos.
925 3424 959 3474 29
979 3419 1134 3476 demissum

117 3488 230 3556 scripsi.-
249 3485 403 3541 dimissum.
