2422 3878
526 108 762 174 -252-

139 271 250 331 calidae
274 270 388 350 cyathis
412 270 535 332 totidem
554 280 673 349 epotum
696 272 821 330 maxime
840 270 962 348 prodest
981 269 1157 332 lumborum

85 370 119 421 36
140 359 243 421 dolori.
272 358 323 419 fel
342 368 439 420 terrae
458 362 562 419 tritum
582 378 618 418 ex
637 360 839 419 vetustissimo
858 361 925 419 vino
945 357 1052 420 bibere
1074 360 1157 420 dabis

138 449 238 508 ieiuno
267 466 357 526 supra
385 448 475 508 limen
504 449 595 507 stanti
622 465 681 508 uno
709 447 799 527 pede,
827 450 879 526 qui
902 465 1007 507 coxam
1033 448 1157 528 dolebit,

140 537 192 598 sed
216 555 276 598 non
299 539 330 596 in
353 539 429 596 vitro
452 534 529 595 hanc
552 537 702 613 potionem
726 534 815 596 bibat.

85 637 119 686 36
227 625 371 686 Praesens
398 623 563 683 remedium
592 623 627 683 ad
656 642 746 684 coxae
774 623 906 683 dolorem
936 625 995 684 sic:
1028 624 1179 685 Artemi-a

139 717 212 775 siam
240 714 350 773 aridam
381 711 502 791 tundes,
535 711 680 772 cribrabis
715 720 745 772 et
777 730 813 772 ex
841 713 909 771 vino
937 710 1022 772 dabis
1050 712 1157 774 bibere

85 813 119 862 37
139 804 255 880 ieiuno,
278 803 419 861 continuo
443 800 649 861 emendabitur
671 802 784 861 vitium.
825 798 941 860 Herbae
964 800 1104 884 pteridiS,
1128 801 1156 862 id

139 898 185 950 est
213 889 352 968 filiculae,
380 907 456 967 quae
483 891 556 949 ratis
585 887 695 948 Gallice
723 888 832 949 dicitur
860 907 996 967 quaeque
1028 891 1058 949 in
1089 891 1157 968 fago

140 996 227 1056 saepe
256 979 402 1057 nascitur,
432 979 547 1037 radices
575 985 680 1037 tunsae
708 978 737 1036 in
767 978 887 1055 potione
915 979 1015 1038 ieiuno
1043 977 1157 1039 dantur

141 1085 208 1127 cum
233 1068 301 1125 vino
325 1084 465 1125 coxarum
489 1065 641 1126 doloribus
664 1064 818 1126 laboranti.
1171 1083 1192 1122 n

87 1164 121 1214 38
228 1153 375 1214 Hederam
394 1163 424 1215 et
441 1153 564 1215 herbam
580 1153 717 1214 Sabinam
733 1156 836 1232 aequis
851 1153 1037 1231 portionibus
1051 1155 1157 1215 tritam

143 1261 178 1302 ex
206 1245 274 1303 rino
303 1251 422 1303 austero
446 1241 481 1302 ad
506 1242 625 1302 modum
650 1242 796 1303 avellanae
820 1242 884 1302 dari
908 1244 1029 1302 sciatico
1053 1244 1155 1304 ieiuno

142 1340 260 1409 oportet
279 1350 332 1410 per
351 1331 494 1412 triduum,
513 1331 616 1391 cadem
629 1333 710 1410 potio
726 1332 814 1391 etiam
829 1330 908 1391 aliud
923 1330 1032 1391 malum
1048 1349 1155 1392 coxen-

88 1431 121 1480 39
142 1420 215 1480 dicis
244 1430 359 1499 purgat.
401 1419 527 1497 'frixago
555 1418 646 1479 herba
670 1420 827 1479 fervefacta
851 1437 919 1481 cum
943 1437 1018 1498 aqna
1045 1439 1079 1480 ac
1105 1422 1156 1480 tri·

87 1520 122 1568 4ο
141 1509 198 1569 duo
222 1512 306 1588 potui
330 1509 396 1569 data
420 1510 574 1568 sciaticum
598 1508 723 1567 mirifice
752 1516 843 1568 sanat.
883 1507 1069 1569 Corcodillus
1094 1517 1155 1570 ter·
1169 1523 1190 1565 15

142 1616 233 1657 renus
261 1599 404 1676 praecisis
434 1599 557 1656 summis
580 1595 716 1674 partibus
740 1599 908 1674 egestisque
931 1598 1097 1658 interaneis
1122 1617 1156 1657 ex

144 1688 209 1745 iure
233 1694 335 1745 coctus
359 1684 470 1745 cibatui
492 1684 578 1744 datus
602 1702 739 1762 magnum
764 1686 893 1745 sciaticis
918 1693 1052 1764 praestat
1075 1688 1157 1746 attui-

88 1785 121 1832 41
143 1773 223 1834 lium.
261 1772 363 1833 Fimus
387 1791 519 1851 aprunus
543 1774 609 1832 rino
633 1774 777 1833 remissus
796 1774 961 1852 tepefactus
980 1773 1157 1854 relatusque

145 1874 175 1923 et
199 1862 324 1921 duorum
350 1861 522 1940 cyathorum
546 1879 685 1921 mensura
708 1863 791 1940 potui
815 1861 901 1921 datus
925 1863 1056 1923 sciaticis
1080 1863 1157 1923 salu·

91 1962 125 2008 42
145 1949 274 2010 berrime
298 1951 443 2011 medetur.
480 1948 615 2031 lichiam,
639 1969 696 2028 qua
716 1949 807 2029 pelles
825 1950 1020 2031 inficiuntur,-
1032 1952 1158 2011 cottidie
1171 1967 1193 2008 20

89 2049 122 2098 43
142 2037 245 2099 bibere
266 2041 394 2099 sciaticis
414 2039 486 2099 utile
506 2048 552 2099 est
571 2047 600 2098 et
619 2041 649 2098 in
669 2037 773 2099 balneo
793 2039 920 2099 ferventi
939 2038 1037 2100 lavari.
1069 2039 1158 2100 Geni·

144 2135 205 2185 stae
225 2129 300 2187 rami
319 2127 455 2206 plurImis
474 2126 579 2187 diebus
598 2128 628 2186 in
648 2136 731 2187 aceto
745 2137 943 2206 macerant-ur,
962 2127 1070 2188 deinde
1088 2137 1158 2189 tun·

142 2213 254 2273 duntur
278 2223 308 2273 et
331 2217 548 2294 exprimuntur,
572 2233 608 2274 ex
632 2233 666 2274 eo
686 2233 757 2275 suco
778 2216 900 2295 cyathus
920 2234 998 2276 unus
1017 2215 1054 2276 ad
1076 2215 1157 2277 diem

143 2302 273 2381 sciatico,
296 2319 451 2380 quousque
476 2310 606 2382 sanetur,
629 2304 762 2365 offertur.
989 2354 992 2359 .

89 2401 124 2448 44
233 2387 349 2448 Fimum
374 2387 519 2450 bubulum
543 2390 719 2471 ferventem,
748 2410 834 2470 quem
859 2393 889 2451 in
914 2393 1016 2452 cinere
1039 2392 1160 2454 ardenti
1172 2409 1195 2450 u

145 2477 326 2558 calefeceris,
349 2496 489 2538 coxarum
513 2477 608 2538 dolori
631 2482 774 2559 inponito,
797 2479 959 2558 plurimum
982 2481 1116 2558 prodest.

89 2578 123 2628 45
233 2566 347 2627 Vermis
371 2575 510 2656 terrenus
532 2567 681 2629 exfoditur
699 2576 730 2629 et
747 2570 778 2628 in
798 2568 894 2647 ligneo
914 2587 1005 2629 cauco
1024 2571 1158 2650 ponitur,

143 2658 168 2716 si
191 2657 256 2717 freri
276 2665 375 2736 potest
393 2658 463 2717 tisso
483 2665 513 2719 et
531 2657 611 2717 ferro
630 2657 756 2738 alligato,
779 2665 852 2717 tunc
871 2676 946 2735 aqua
964 2657 1159 2736 perfunditur

143 2765 309 2826 rursusque
333 2747 437 2807 eodem
459 2745 534 2825 loco,
557 2746 636 2806 unde
659 2746 792 2825 prolatus
816 2756 870 2824 est,
890 2746 1055 2827 defoditur3
1082 2765 1157 2826 aqua

143 2854 223 2917 vero,
247 2839 276 2895 in
301 2855 359 2915 qua
382 2835 495 2896 dilutus
519 2843 573 2915 est,
596 2837 627 2895 in
651 2835 753 2896 eodem
778 2833 885 2914 poculo
909 2833 1022 2895 bibitur
1045 2853 1061 2895 a
1083 2838 1153 2896 scia·
1169 2852 1193 2892 eo

142 2926 201 2984 tico
225 2924 262 2984 ob
286 2927 401 3003 insigne
424 2924 598 2985 remedium.

89 3021 123 3070 46
232 3012 274 3071 hd
304 3017 433 3074 nesciam
466 3013 630 3073 remedium
661 3015 717 3074 sic:
750 3011 848 3072 Herba
877 3010 1053 3090 pentasyllos
1077 3011 1157 3072 foliis

143 3098 293 3175 fragorum
322 3101 469 3161 simillima
495 3100 572 3161 lovis
601 3102 649 3162 die
678 3100 799 3162 collecta
833 3109 863 3161 et
890 3118 957 3161 cum
987 3101 1056 3160 vino
1086 3103 1156 3162 trita

232 3250 328 3319 3qui]
349 3268 404 3318 quo
467 3251 594 3322 thibat]
610 3251 703 3306 debet.
760 3253 976 3308 barfemesiam.
1027 3253 1156 3323 'thephe-

144 3318 219 3373 ridis.
285 3321 475 3375 8filicioulee.
540 3327 573 3375 13
592 3321 706 3390 oportit.
771 3329 803 3376 19
823 3326 967 3393 eyatorum
987 3340 1156 3378 mensuram.

144 3396 178 3444 20
197 3389 313 3443 robiam.
386 3396 421 3443 24
440 3391 569 3445 sceatieo.
642 3391 816 3448 etcinerem
838 3395 961 3449 ardente.
1034 3399 1071 3450 80
1090 3409 1156 3450 vero

143 3463 171 3515 in
190 3477 245 3529 qua
264 3477 314 3516 om.
386 3461 416 3514 in
434 3477 484 3516 om.
558 3463 687 3519 sceeiico.
