2452 3878
452 105 731 188 —61-'

54 307 124 349 cum
153 288 200 346 ovi
228 295 335 365 aquato
362 287 478 365 liquore
506 305 560 365 per
583 305 623 347 se.
669 285 791 347 Necnon
815 296 845 346 et
867 286 924 347 hoc
948 287 1068 367 collyrio
1088 298 1104 347 5

54 375 178 455 quidam
195 376 227 434 in
246 377 340 435 initiis
360 383 494 450 utuntur,
519 376 596 454 quod
616 394 632 435 a
651 377 770 435 cinereo
790 374 889 435 colore
909 375 1069 454 spodiacon

55 462 235 543 appellatur,
258 465 438 542 conponitur
461 472 559 524 autem
584 483 619 523 ex
643 463 704 524 his:
732 463 869 524 Cadmiae
893 463 1070 544 botryitidos

54 562 141 613 ustae
169 570 260 630 super
289 559 378 632 testa,
406 552 500 612 donec
529 552 698 632 candescat,
727 559 758 612 et
781 553 848 612 vino
872 551 997 613 Falerno
1022 572 1069 613 ex-

28 643 167 702 stinctae
187 639 213 699 X
233 640 291 719 XL,
313 649 412 701 cretae
433 640 547 701 Samiae
567 659 655 720 quam
674 648 770 701 astera
790 648 896 701 vocant
914 640 940 700 X
956 640 1070 721 LXXX,

55 729 139 790 stihtt
163 731 241 790 cocti
264 727 376 808 XXX,
404 731 453 808 opi
473 729 498 788 X
517 728 553 809 V,
581 731 709 807 gummis
732 728 945 790 Alexandrinae
965 729 990 789 X
1008 729 1070 790 XX.
1118 772 1121 776 ι

55 818 211 878 leruntur
242 817 315 878 haec
348 821 445 877 omnia
478 817 599 896 pluviali
631 836 705 896 aqua
739 828 897 898 macerata,
935 817 1070 879 ultimum

55 907 170 985 gummi
198 907 334 967 adicitur,
379 907 455 966 Ante
480 925 549 966 sane
573 913 672 966 cetera
695 905 731 966 ad
754 906 903 967 levitatem
927 925 1071 968 summam

57 1002 195 1055 terantur
223 1003 253 1054 et
281 1013 317 1054 ne
346 997 441 1073 prima
470 994 601 1055 tunicula
630 995 708 1055 oculi
736 1013 823 1054 exesa
851 995 957 1056 aliasve
990 995 1070 1056 exul-

21 1100 46 1142 10
60 1091 161 1145 cerata
190 1085 241 1164 sit,
269 1090 303 1143 ut
330 1101 439 1162 purum
467 1082 554 1143 ulcus
582 1085 629 1164 sit,
658 1082 782 1144 diluitur
810 1086 858 1143 ovi
885 1083 963 1164 albo,
992 1085 1070 1163 quod

56 1181 104 1233 est
128 1172 191 1232 lere
215 1173 432 1232 tenuissimum.
477 1171 636 1251 Collyrium
660 1174 851 1250 psittacinum
875 1190 891 1232 a
914 1173 1012 1233 colore
1031 1175 1072 1233 ita
1092 1186 1107 1233 6

58 1261 174 1322 dictum
198 1260 269 1321 lacit
292 1260 328 1320 ad
352 1260 494 1339 epifcras,
518 1279 592 1339 quae
617 1279 685 1320 curn
709 1262 793 1321 tenni
816 1271 845 1321 et
868 1263 930 1321 acri
952 1260 1073 1322 lacrima

59 1352 206 1429 existunt,
229 1351 300 1409 item
325 1348 359 1408 ad
384 1351 518 1409 ustiones
542 1356 572 1409 et
595 1347 706 1409 solutas
729 1351 884 1409 cicatrices
908 1359 938 1409 et
959 1359 1073 1411 vastum

57 1447 217 1518 tumorem,
242 1436 320 1516 quod
339 1439 407 1517 quia
427 1436 492 1497 loco
510 1437 660 1498 interdum
680 1436 797 1497 ridetur
819 1436 986 1515 propellere
1005 1456 1073 1498 ocn-

21 1525 136 1607 olum,
165 1528 321 1605 proptosin
347 1534 465 1606 vocant,
494 1544 561 1586 eum
586 1527 633 1585 ovi
655 1524 721 1585 albo
747 1525 825 1603 quod
850 1533 896 1584 est
918 1535 1007 1584 tenue
1031 1528 1073 1585 in·

59 1617 195 1696 ponitur,
224 1614 275 1674 sed
299 1617 459 1693 praecipue
483 1613 565 1693 facit,
594 1632 662 1674 cum
686 1615 771 1692 quasi
799 1614 941 1691 sangnine
970 1613 1075 1674 sullusi

60 1702 235 1764 suntoculi
259 1710 288 1763 et
312 1702 349 1763 ob
371 1702 401 1763 id
426 1701 539 1763 nullum
563 1704 620 1762 nisi
643 1702 828 1762 lenissimum
852 1700 1006 1781 collyrium
1025 1721 1074 1781 pa-

60 1794 192 1871 tiuntur,
220 1793 328 1869 recipit
354 1799 453 1851 autem
481 1790 567 1851 haee:
600 1789 686 1851 Croci
705 1790 731 1850 X
750 1789 816 1871 llll,
844 1790 975 1850 cadmiae
998 1790 1074 1851 lotae

60 1879 86 1939 X
104 1878 174 1958 llll,
196 1879 265 1940 stibi
285 1878 310 1938 X
329 1878 396 1959 llll,
415 1882 466 1958 opi
485 1878 510 1938 X
529 1878 568 1960 ll,
587 1881 714 1956 gummis
734 1878 759 1938 X
778 1879 818 1960 ll,
837 1878 927 1940 amuli
946 1882 1075 1940 recentis

23 1977 91 2029 oet
120 1967 286 2029 dulcissimi
309 1966 415 2027 Xllll.
453 1967 565 2027 Eodem
590 1968 702 2046 ordine,
727 1986 785 2046 quo
809 1970 919 2046 scripta
943 1975 1022 2048 sunt,
1045 1970 1076 2028 in

61 2059 205 2117 mortario
238 2056 348 2117 debent
380 2057 437 2116 teri
469 2075 506 2116 ex
529 2074 603 2134 aqna
627 2055 755 2134 pluviali.
802 2056 940 2118 Amulum
968 2064 1076 2136 autem,

60 2163 130 2206 cum
161 2147 219 2205 iam
248 2145 419 2223 fingendum
448 2147 505 2205 erit
528 2143 696 2224 collyrium,
724 2145 878 2205 adicietur.
924 2144 1076 2207 Interdum

60 2242 160 2294 autern
188 2240 218 2293 et
240 2233 296 2294 hoc
321 2236 616 2312 superinunguantur
639 2235 691 2312 qui
714 2235 799 2312 prins
821 2233 1000 2313 Athenippio
1024 2253 1074 2295 cu·

61 2323 120 2382 rati
151 2329 230 2382 sunt.
276 2320 330 2381 His
357 2321 420 2381 iere
450 2321 579 2401 collyriis
606 2321 724 2382 lenibus
756 2324 867 2402 omnia,
901 2341 976 2402 quae
1009 2341 1077 2384 eum

26 2419 183 2472 ummore
206 2418 237 2471 et
260 2409 361 2470 dolore
386 2411 460 2470 fiunt
483 2412 562 2470 circa
586 2410 697 2491 oculos,
721 2411 927 2471 remediamus.
965 2411 1112 2472 Percu-t

62 2502 178 2560 ctiones
197 2498 351 2559 oculorum
371 2498 557 2578 lippientium
582 2501 642 2559 sive
666 2501 863 2580 inunctiones,
886 2517 960 2579 qnae
980 2499 1077 2578 appel·

61 2588 164 2648 lentur
196 2587 367 2668 galacticae,
399 2587 568 2648 huiusmodi
603 2597 685 2648 sunt:
719 2586 968 2666 Crocomagmatis
1000 2587 1025 2646 X
1056 2586 1077 2666 l,

62 2694 180 2756 myrrae
210 2684 239 2735 et
267 2677 348 2736 croci
372 2675 397 2736 X
420 2674 484 2756 Vll,
512 2675 649 2736 aluminis
676 2676 740 2735 tissi
763 2675 789 2735 X
808 2675 857 2757 Vl,
885 2678 962 2735 turis
987 2674 1013 2733 X
1033 2673 1077 2753 Vl,

61 2767 193 2844 gummis
212 2762 238 2822 X
253 2763 301 2842 Vl,
321 2782 405 2824 rosae
424 2763 506 2823 iloris
526 2763 551 2822 X
566 2764 610 2823 Vl.
648 2763 721 2823 Vino
741 2763 813 2824 Chio
833 2781 893 2823 non
912 2762 988 2821 salso
1009 2780 1077 2821 con·

24 2867 167 2934 tospersa
191 2859 331 2912 teruntur
353 2852 426 2912 haec
450 2854 546 2912 omnia
571 2851 740 2931 diligenter,
765 2851 871 2910 deinde
895 2849 1028 2908 conlecta
1048 2851 1078 2908 in

63 2941 195 3021 collyriis
225 2947 276 3001 aut
303 2940 402 3020 pilulis
432 2950 627 3018 reponuntur.
672 2940 832 3000 Perunctio
861 2937 1014 2997 oculorum
1043 2938 1114 3000 ads

63 3048 182 3090 omnem
207 3029 379 3109 epiphoram
404 3030 475 3089 satis
499 3027 593 3088 utilis:
624 3026 710 3088 Croci
737 3060 772 3069 -
799 3026 826 3106 l,
849 3044 967 3087 murrae
992 3061 1033 3069 —
1058 3026 1079 3110 l,

63 3120 310 3196 crocomagmatis
332 3150 370 3161 -
391 3116 417 3199 l,
440 3119 518 3177 aeris
541 3116 623 3176 ssoris
645 3148 683 3158 -
705 3113 730 3195 l,
752 3115 889 3175 aluminis
914 3116 976 3176 fissi
998 3116 1079 3196 -1,

64 3209 142 3268 turis
163 3203 193 3267 t.
238 3205 282 3266 Ex
307 3208 373 3266 vino
392 3214 532 3266 teruntur
555 3205 628 3266 haee
647 3206 765 3283 optime.
805 3203 857 3265 His
876 3205 1001 3266 Cosmus
1020 3225 1079 3265 rne-

136 3420 153 3467 e
173 3411 329 3481 botryidos.
416 3417 431 3465 t
450 3417 511 3480 post
529 3415 623 3467 astera
641 3412 706 3468 odd.
725 3411 837 3466 samias.
923 3417 961 3464 tu
979 3409 1029 3479 my
1042 3409 1093 3462 sim

70 3487 102 3536 tt
120 3481 307 3553 promptosin.
380 3486 414 3535 23
431 3479 574 3555 henippio.
650 3489 683 3543 ut
706 3483 863 3560 galaticae.
