<?xml version="1.0" encoding="UTF-8"?>
<!DOCTYPE html PUBLIC "-//W3C//DTD XHTML 1.0 Transitional//EN"
    "http://www.w3.org/TR/xhtml1/DTD/xhtml1-transitional.dtd">
<html xmlns="http://www.w3.org/1999/xhtml" xml:lang="en" lang="en">
 <head>
  <title>
</title>
<meta http-equiv="Content-Type" content="text/html;charset=utf-8" />
  <meta name='ocr-system' content='tesseract 3.04.00' />
  <meta name='ocr-capabilities' content='ocr_page ocr_carea ocr_par ocr_line ocrx_word'/>
</head>
<body>
  <div class='ocr_page' id='page_1' title='image "./marcellidemedic00helmgoog/marcellidemedic00helmgoog_0095.png"; bbox 0 0 2422 3878; ppageno 0'>
   <div class='ocr_carea' id='block_1_1' title="bbox 552 156 770 220">
    <p class='ocr_par' dir='ltr' id='par_1_1' title="bbox 552 156 770 220">
     <span class='ocr_line' id='line_1_1' title="bbox 552 156 770 220; baseline -0.009 -18"><span class='ocrx_word' id='word_1_1' title='bbox 552 156 770 220; x_wconf 45' lang='grc' dir='ltr'>ῃ82..</span> 
     </span>
    </p>
   </div>
   <div class='ocr_carea' id='block_1_2' title="bbox 104 317 1203 3587">
    <p class='ocr_par' dir='ltr' id='par_1_2' title="bbox 104 317 1203 3587">
     <span class='ocr_line' id='line_1_2' title="bbox 152 317 1160 398; baseline 0.002 -20"><span class='ocrx_word' id='word_1_2' title='bbox 152 328 269 380; x_wconf 90' lang='lat' dir='ltr'>vetusto</span> <span class='ocrx_word' id='word_1_3' title='bbox 303 319 349 379; x_wconf 91' lang='lat' dir='ltr'>vel</span> <span class='ocrx_word' id='word_1_4' title='bbox 381 319 557 398; x_wconf 79' lang='lat' dir='ltr'>pedunculis</span> <span class='ocrx_word' id='word_1_5' title='bbox 591 336 694 378; x_wconf 86' lang='lat' dir='ltr'>exesas</span> <span class='ocrx_word' id='word_1_6' title='bbox 730 317 895 378; x_wconf 90' lang='lat' dir='ltr'>remedium</span> <span class='ocrx_word' id='word_1_7' title='bbox 926 335 1072 397; x_wconf 81' lang='lat' dir='ltr'>praesens</span> <span class='ocrx_word' id='word_1_8' title='bbox 1104 318 1160 380; x_wconf 88' lang='lat' dir='ltr'>bar·</span> 
     </span>
     <span class='ocr_line' id='line_1_3' title="bbox 153 405 1160 488; baseline 0.001 -21"><span class='ocrx_word' id='word_1_9' title='bbox 153 408 285 469; x_wconf 90' lang='lat' dir='ltr'>baricum</span> <span class='ocrx_word' id='word_1_10' title='bbox 310 408 445 488; x_wconf 88' lang='lat' dir='ltr'>quidem,</span> <span class='ocrx_word' id='word_1_11' title='bbox 474 408 523 467; x_wconf 92' lang='lat' dir='ltr'>sed</span> <span class='ocrx_word' id='word_1_12' title='bbox 549 406 650 467; x_wconf 88' lang='lat' dir='ltr'>multis</span> <span class='ocrx_word' id='word_1_13' title='bbox 673 406 844 485; x_wconf 91' lang='lat' dir='ltr'>probatum:</span> <span class='ocrx_word' id='word_1_14' title='bbox 873 405 1074 468; x_wconf 76' lang='lat' dir='ltr'><strong>scarabaeum</strong></span> <span class='ocrx_word' id='word_1_15' title='bbox 1097 409 1160 487; x_wconf 90' lang='lat' dir='ltr'>pilo·</span> 
     </span>
     <span class='ocr_line' id='line_1_4' title="bbox 154 494 1160 579; baseline -0.001 -22"><span class='ocrx_word' id='word_1_16' title='bbox 154 516 236 579; x_wconf 87' lang='lat' dir='ltr'>sum,</span> <span class='ocrx_word' id='word_1_17' title='bbox 260 499 312 576; x_wconf 92' lang='lat' dir='ltr'>qui</span> <span class='ocrx_word' id='word_1_18' title='bbox 335 497 439 557; x_wconf 90' lang='lat' dir='ltr'>similis</span> <span class='ocrx_word' id='word_1_19' title='bbox 468 503 514 556; x_wconf 93' lang='lat' dir='ltr'>est</span> <span class='ocrx_word' id='word_1_20' title='bbox 537 494 696 557; x_wconf 81' lang='lat' dir='ltr'><strong>scarabaeo</strong></span> <span class='ocrx_word' id='word_1_21' title='bbox 724 513 808 576; x_wconf 86' lang='lat' dir='ltr'>vero,</span> <span class='ocrx_word' id='word_1_22' title='bbox 836 497 868 554; x_wconf 91' lang='lat' dir='ltr'>in</span> <span class='ocrx_word' id='word_1_23' title='bbox 896 495 1019 575; x_wconf 84' lang='lat' dir='ltr'>sepibus</span> <span class='ocrx_word' id='word_1_24' title='bbox 1043 499 1160 558; x_wconf 86' lang='lat' dir='ltr'>vetustis</span> 
     </span>
     <span class='ocr_line' id='line_1_5' title="bbox 153 585 1161 666; baseline -0.001 -20"><span class='ocrx_word' id='word_1_25' title='bbox 153 586 294 665; x_wconf 87' lang='lat' dir='ltr'>lapidosis</span> <span class='ocrx_word' id='word_1_26' title='bbox 327 593 378 646; x_wconf 93' lang='lat' dir='ltr'>aut</span> <span class='ocrx_word' id='word_1_27' title='bbox 407 588 438 645; x_wconf 94' lang='lat' dir='ltr'>in</span> <span class='ocrx_word' id='word_1_28' title='bbox 471 585 590 645; x_wconf 80' lang='lat' dir='ltr'>fossatis</span> <span class='ocrx_word' id='word_1_29' title='bbox 621 586 735 663; x_wconf 88' lang='lat' dir='ltr'>sepium</span> <span class='ocrx_word' id='word_1_30' title='bbox 768 585 920 666; x_wconf 82' lang='lat' dir='ltr'>requires,</span> <span class='ocrx_word' id='word_1_31' title='bbox 947 587 999 662; x_wconf 93' lang='lat' dir='ltr'>qui</span> <span class='ocrx_word' id='word_1_32' title='bbox 1034 588 1161 646; x_wconf 86' lang='lat' dir='ltr'>cutiones</span> 
     </span>
     <span class='ocr_line' id='line_1_6' title="bbox 155 671 1178 753; baseline -0.005 -18"><span class='ocrx_word' id='word_1_33' title='bbox 155 684 225 736; x_wconf 93' lang='lat' dir='ltr'>sunt</span> <span class='ocrx_word' id='word_1_34' title='bbox 262 674 360 736; x_wconf 88' lang='lat' dir='ltr'>colore</span> <span class='ocrx_word' id='word_1_35' title='bbox 397 673 585 753; x_wconf 83' lang='lat' dir='ltr'>pseudollavo</span> <span class='ocrx_word' id='word_1_36' title='bbox 621 675 705 751; x_wconf 83' lang='lat' dir='ltr'>quasi</span> <span class='ocrx_word' id='word_1_37' title='bbox 743 672 861 732; x_wconf 93' lang='lat' dir='ltr'>leonino</span> <span class='ocrx_word' id='word_1_38' title='bbox 899 671 989 751; x_wconf 83' lang='lat' dir='ltr'>pilosi</span> <span class='ocrx_word' id='word_1_39' title='bbox 1025 673 1178 735; x_wconf 75' lang='lat' dir='ltr'>lucentess</span> 
     </span>
     <span class='ocr_line' id='line_1_7' title="bbox 155 760 1161 842; baseline -0.001 -19"><span class='ocrx_word' id='word_1_40' title='bbox 155 766 230 823; x_wconf 81' lang='lat' dir='ltr'>Ante</span> <span class='ocrx_word' id='word_1_41' title='bbox 254 782 324 841; x_wconf 91' lang='lat' dir='ltr'>ergo</span> <span class='ocrx_word' id='word_1_42' title='bbox 344 781 431 841; x_wconf 88' lang='lat' dir='ltr'>quam</span> <span class='ocrx_word' id='word_1_43' title='bbox 451 760 534 822; x_wconf 92' lang='lat' dir='ltr'>illum</span> <span class='ocrx_word' id='word_1_44' title='bbox 554 763 703 821; x_wconf 85' lang='lat' dir='ltr'>cntionem</span> <span class='ocrx_word' id='word_1_45' title='bbox 722 760 816 842; x_wconf 81' lang='lat' dir='ltr'>tollas,</span> <span class='ocrx_word' id='word_1_46' title='bbox 835 760 939 822; x_wconf 84' lang='lat' dir='ltr'>folium</span> <span class='ocrx_word' id='word_1_47' title='bbox 959 761 1055 822; x_wconf 88' lang='lat' dir='ltr'>caulis</span> <span class='ocrx_word' id='word_1_48' title='bbox 1074 764 1161 842; x_wconf 88' lang='lat' dir='ltr'>primo</span> 
     </span>
     <span class='ocr_line' id='line_1_8' title="bbox 155 849 1203 929; baseline -0.003 -17"><span class='ocrx_word' id='word_1_49' title='bbox 155 871 240 912; x_wconf 92' lang='lat' dir='ltr'>mane</span> <span class='ocrx_word' id='word_1_50' title='bbox 264 870 332 912; x_wconf 90' lang='lat' dir='ltr'>cum</span> <span class='ocrx_word' id='word_1_51' title='bbox 356 870 410 912; x_wconf 91' lang='lat' dir='ltr'>suo</span> <span class='ocrx_word' id='word_1_52' title='bbox 435 849 491 911; x_wconf 92' lang='lat' dir='ltr'>sibi</span> <span class='ocrx_word' id='word_1_53' title='bbox 510 868 578 910; x_wconf 93' lang='lat' dir='ltr'>rore</span> <span class='ocrx_word' id='word_1_54' title='bbox 598 849 643 909; x_wconf 89' lang='lat' dir='ltr'>vel</span> <span class='ocrx_word' id='word_1_55' title='bbox 663 857 746 928; x_wconf 88' lang='lat' dir='ltr'>gutta</span> <span class='ocrx_word' id='word_1_56' title='bbox 765 849 905 910; x_wconf 89' lang='lat' dir='ltr'>conclusa</span> <span class='ocrx_word' id='word_1_57' title='bbox 924 851 955 909; x_wconf 91' lang='lat' dir='ltr'>in</span> <span class='ocrx_word' id='word_1_58' title='bbox 975 850 1083 912; x_wconf 92' lang='lat' dir='ltr'>eodem</span> <span class='ocrx_word' id='word_1_59' title='bbox 1101 850 1161 912; x_wconf 87' lang='lat' dir='ltr'>lolio</span> <span class='ocrx_word' id='word_1_60' title='bbox 1201 916 1203 929; x_wconf 40' lang='grc' dir='ltr'>Ι</span> 
     </span>
     <span class='ocr_line' id='line_1_9' title="bbox 155 934 1203 1020; baseline -0.002 -20"><span class='ocrx_word' id='word_1_61' title='bbox 155 949 304 1020; x_wconf 87' lang='lat' dir='ltr'>teneatur,</span> <span class='ocrx_word' id='word_1_62' title='bbox 329 948 370 1018; x_wconf 89' lang='lat' dir='ltr'>ut,</span> <span class='ocrx_word' id='word_1_63' title='bbox 393 938 445 1000; x_wconf 94' lang='lat' dir='ltr'>ubi</span> <span class='ocrx_word' id='word_1_64' title='bbox 469 941 617 999; x_wconf 89' lang='lat' dir='ltr'>cntionem</span> <span class='ocrx_word' id='word_1_65' title='bbox 641 938 725 998; x_wconf 93' lang='lat' dir='ltr'>illum</span> <span class='ocrx_word' id='word_1_66' title='bbox 747 941 897 998; x_wconf 90' lang='lat' dir='ltr'>inveneris</span> <span class='ocrx_word' id='word_1_67' title='bbox 923 938 1087 1019; x_wconf 80' lang='lat' dir='ltr'>digitisque</span> <span class='ocrx_word' id='word_1_68' title='bbox 1109 939 1160 1018; x_wconf 91' lang='lat' dir='ltr'>pol·</span> <span class='ocrx_word' id='word_1_69' title='bbox 1201 934 1203 961; x_wconf 83' lang='lat'>³</span> 
     </span>
     <span class='ocr_line' id='line_1_10' title="bbox 155 1027 1160 1108; baseline 0 -20"><span class='ocrx_word' id='word_1_70' title='bbox 155 1029 210 1089; x_wconf 89' lang='lat' dir='ltr'>lice</span> <span class='ocrx_word' id='word_1_71' title='bbox 239 1037 269 1089; x_wconf 91' lang='lat' dir='ltr'>et</span> <span class='ocrx_word' id='word_1_72' title='bbox 296 1027 463 1088; x_wconf 90' lang='lat' dir='ltr'>medicinali</span> <span class='ocrx_word' id='word_1_73' title='bbox 491 1027 737 1108; x_wconf 82' lang='lat' dir='ltr'>adprehenderis,</span> <span class='ocrx_word' id='word_1_74' title='bbox 765 1027 922 1087; x_wconf 87' lang='lat' dir='ltr'>confestim</span> <span class='ocrx_word' id='word_1_75' title='bbox 951 1045 1044 1106; x_wconf 93' lang='lat' dir='ltr'>supra</span> <span class='ocrx_word' id='word_1_76' title='bbox 1069 1028 1160 1090; x_wconf 87' lang='lat' dir='ltr'>lolium</span> 
     </span>
     <span class='ocr_line' id='line_1_11' title="bbox 155 1115 1186 1198; baseline -0.006 -21"><span class='ocrx_word' id='word_1_77' title='bbox 155 1118 227 1178; x_wconf 90' lang='lat' dir='ltr'>illud</span> <span class='ocrx_word' id='word_1_78' title='bbox 252 1117 345 1178; x_wconf 90' lang='lat' dir='ltr'>caulis</span> <span class='ocrx_word' id='word_1_79' title='bbox 368 1126 479 1198; x_wconf 84' lang='lat' dir='ltr'>teneas,</span> <span class='ocrx_word' id='word_1_80' title='bbox 503 1125 537 1176; x_wconf 90' lang='lat' dir='ltr'>ut</span> <span class='ocrx_word' id='word_1_81' title='bbox 560 1134 650 1194; x_wconf 92' lang='lat' dir='ltr'>supra</span> <span class='ocrx_word' id='word_1_82' title='bbox 673 1123 786 1194; x_wconf 90' lang='lat' dir='ltr'>guttam</span> <span class='ocrx_word' id='word_1_83' title='bbox 810 1115 889 1175; x_wconf 93' lang='lat' dir='ltr'>illam</span> <span class='ocrx_word' id='word_1_84' title='bbox 911 1115 1018 1176; x_wconf 91' lang='lat' dir='ltr'>lotium</span> <span class='ocrx_word' id='word_1_85' title='bbox 1039 1119 1104 1178; x_wconf 91' lang='lat' dir='ltr'>eius</span> <span class='ocrx_word' id='word_1_86' title='bbox 1121 1131 1186 1177; x_wconf 80' lang='lat' dir='ltr'>err-n</span> 
     </span>
     <span class='ocr_line' id='line_1_12' title="bbox 156 1204 1161 1288; baseline -0.002 -22"><span class='ocrx_word' id='word_1_87' title='bbox 156 1209 260 1288; x_wconf 84' lang='lat' dir='ltr'>cipias,</span> <span class='ocrx_word' id='word_1_88' title='bbox 287 1208 355 1284; x_wconf 91' lang='lat' dir='ltr'>quia</span> <span class='ocrx_word' id='word_1_89' title='bbox 378 1205 430 1266; x_wconf 93' lang='lat' dir='ltr'>ubi</span> <span class='ocrx_word' id='word_1_90' title='bbox 454 1223 542 1265; x_wconf 93' lang='lat' dir='ltr'>manu</span> <span class='ocrx_word' id='word_1_91' title='bbox 567 1205 770 1285; x_wconf 86' lang='lat' dir='ltr'>adprehensus</span> <span class='ocrx_word' id='word_1_92' title='bbox 794 1204 898 1285; x_wconf 84' lang='lat' dir='ltr'>suerit,</span> <span class='ocrx_word' id='word_1_93' title='bbox 922 1207 1021 1265; x_wconf 90' lang='lat' dir='ltr'>statim</span> <span class='ocrx_word' id='word_1_94' title='bbox 1048 1225 1081 1266; x_wconf 91' lang='lat' dir='ltr'>se</span> <span class='ocrx_word' id='word_1_95' title='bbox 1104 1205 1161 1266; x_wconf 86' lang='lat' dir='ltr'>sub</span> 
     </span>
     <span class='ocr_line' id='line_1_13' title="bbox 155 1292 1160 1375; baseline -0.002 -21"><span class='ocrx_word' id='word_1_96' title='bbox 155 1297 245 1354; x_wconf 90' lang='lat' dir='ltr'>meiit.</span> <span class='ocrx_word' id='word_1_97' title='bbox 285 1294 504 1355; x_wconf 92' lang='lat' dir='ltr'>Providendum</span> <span class='ocrx_word' id='word_1_98' title='bbox 528 1311 608 1375; x_wconf 81' lang='lat' dir='ltr'>ergo,</span> <span class='ocrx_word' id='word_1_99' title='bbox 631 1301 665 1354; x_wconf 92' lang='lat' dir='ltr'>ut</span> <span class='ocrx_word' id='word_1_100' title='bbox 688 1292 819 1352; x_wconf 89' lang='lat' dir='ltr'>velocius</span> <span class='ocrx_word' id='word_1_101' title='bbox 847 1310 937 1371; x_wconf 92' lang='lat' dir='ltr'>supra</span> <span class='ocrx_word' id='word_1_102' title='bbox 965 1292 1072 1355; x_wconf 89' lang='lat' dir='ltr'>lolium</span> <span class='ocrx_word' id='word_1_103' title='bbox 1098 1293 1160 1356; x_wconf 92' lang='lat' dir='ltr'>illud</span> 
     </span>
     <span class='ocr_line' id='line_1_14' title="bbox 157 1381 1161 1465; baseline -0.002 -22"><span class='ocrx_word' id='word_1_104' title='bbox 157 1383 248 1443; x_wconf 88' lang='lat' dir='ltr'>caulis</span> <span class='ocrx_word' id='word_1_105' title='bbox 268 1392 404 1465; x_wconf 83' lang='lat' dir='ltr'>ponatur,</span> <span class='ocrx_word' id='word_1_106' title='bbox 427 1402 465 1443; x_wconf 89' lang='lat' dir='ltr'>ne</span> <span class='ocrx_word' id='word_1_107' title='bbox 484 1383 588 1443; x_wconf 92' lang='lat' dir='ltr'>lotium</span> <span class='ocrx_word' id='word_1_108' title='bbox 608 1384 681 1463; x_wconf 75' lang='lat' dir='ltr'>eiuS,</span> <span class='ocrx_word' id='word_1_109' title='bbox 701 1381 779 1460; x_wconf 94' lang='lat' dir='ltr'>quod</span> <span class='ocrx_word' id='word_1_110' title='bbox 799 1383 858 1442; x_wconf 88' lang='lat' dir='ltr'>cito</span> <span class='ocrx_word' id='word_1_111' title='bbox 878 1381 1012 1463; x_wconf 70' lang='lat' dir='ltr'>effundit,</span> <span class='ocrx_word' id='word_1_112' title='bbox 1037 1382 1107 1444; x_wconf 93' lang='lat' dir='ltr'>alibi</span> <span class='ocrx_word' id='word_1_113' title='bbox 1122 1400 1161 1443; x_wconf 85' lang='lat' dir='ltr'>ex-</span> 
     </span>
     <span class='ocr_line' id='line_1_15' title="bbox 157 1469 1161 1552; baseline -0.002 -20"><span class='ocrx_word' id='word_1_114' title='bbox 157 1473 248 1552; x_wconf 78' lang='lat' dir='ltr'>cidat3</span> <span class='ocrx_word' id='word_1_115' title='bbox 276 1473 356 1551; x_wconf 92' lang='lat' dir='ltr'>quod</span> <span class='ocrx_word' id='word_1_116' title='bbox 384 1474 575 1534; x_wconf 83' lang='lat' dir='ltr'>commixtum</span> <span class='ocrx_word' id='word_1_117' title='bbox 604 1489 671 1531; x_wconf 90' lang='lat' dir='ltr'>cum</span> <span class='ocrx_word' id='word_1_118' title='bbox 700 1470 750 1530; x_wconf 93' lang='lat' dir='ltr'>illo</span> <span class='ocrx_word' id='word_1_119' title='bbox 776 1488 844 1530; x_wconf 92' lang='lat' dir='ltr'>rore</span> <span class='ocrx_word' id='word_1_120' title='bbox 869 1469 962 1530; x_wconf 91' lang='lat' dir='ltr'>caulis</span> <span class='ocrx_word' id='word_1_121' title='bbox 986 1489 1043 1551; x_wconf 91' lang='lat' dir='ltr'>per</span> <span class='ocrx_word' id='word_1_122' title='bbox 1067 1470 1161 1551; x_wconf 92' lang='lat' dir='ltr'>specil·</span> 
     </span>
     <span class='ocr_line' id='line_1_16' title="bbox 156 1558 1186 1641; baseline -0.004 -20"><span class='ocrx_word' id='word_1_123' title='bbox 156 1561 217 1621; x_wconf 91' lang='lat' dir='ltr'>lum</span> <span class='ocrx_word' id='word_1_124' title='bbox 236 1561 384 1641; x_wconf 90' lang='lat' dir='ltr'>palpebris</span> <span class='ocrx_word' id='word_1_125' title='bbox 404 1563 529 1640; x_wconf 90' lang='lat' dir='ltr'>inpones</span> <span class='ocrx_word' id='word_1_126' title='bbox 549 1567 579 1620; x_wconf 93' lang='lat' dir='ltr'>et</span> <span class='ocrx_word' id='word_1_127' title='bbox 601 1558 665 1619; x_wconf 91' lang='lat' dir='ltr'>loca</span> <span class='ocrx_word' id='word_1_128' title='bbox 689 1558 792 1619; x_wconf 92' lang='lat' dir='ltr'>scabra</span> <span class='ocrx_word' id='word_1_129' title='bbox 815 1559 860 1619; x_wconf 89' lang='lat' dir='ltr'>vel</span> <span class='ocrx_word' id='word_1_130' title='bbox 885 1577 973 1619; x_wconf 85' lang='lat' dir='ltr'>exesa</span> <span class='ocrx_word' id='word_1_131' title='bbox 996 1562 1079 1621; x_wconf 91' lang='lat' dir='ltr'>inter</span> <span class='ocrx_word' id='word_1_132' title='bbox 1096 1560 1186 1640; x_wconf 78' lang='lat' dir='ltr'>piloso</span> 
     </span>
     <span class='ocr_line' id='line_1_17' title="bbox 156 1647 1160 1729; baseline -0.004 -19"><span class='ocrx_word' id='word_1_133' title='bbox 156 1668 315 1729; x_wconf 87' lang='lat' dir='ltr'>perunges,</span> <span class='ocrx_word' id='word_1_134' title='bbox 339 1650 476 1710; x_wconf 86' lang='lat' dir='ltr'>effectum</span> <span class='ocrx_word' id='word_1_135' title='bbox 500 1650 544 1708; x_wconf 93' lang='lat' dir='ltr'>rei</span> <span class='ocrx_word' id='word_1_136' title='bbox 568 1650 627 1708; x_wconf 92' lang='lat' dir='ltr'>cito</span> <span class='ocrx_word' id='word_1_137' title='bbox 650 1647 815 1708; x_wconf 85' lang='lat' dir='ltr'>miraberis.</span> <span class='ocrx_word' id='word_1_138' title='bbox 856 1647 941 1717; x_wconf 85' lang='lat' dir='ltr'>Quod</span> <span class='ocrx_word' id='word_1_139' title='bbox 965 1651 992 1707; x_wconf 92' lang='lat' dir='ltr'>si</span> <span class='ocrx_word' id='word_1_140' title='bbox 1016 1667 1089 1710; x_wconf 92' lang='lat' dir='ltr'>casu</span> <span class='ocrx_word' id='word_1_141' title='bbox 1110 1665 1160 1709; x_wconf 88' lang='lat' dir='ltr'>um</span> 
     </span>
     <span class='ocr_line' id='line_1_18' title="bbox 156 1735 1160 1817; baseline -0.003 -19"><span class='ocrx_word' id='word_1_142' title='bbox 156 1742 187 1798; x_wconf 97' lang='lat' dir='ltr'>in</span> <span class='ocrx_word' id='word_1_143' title='bbox 214 1739 280 1798; x_wconf 92' lang='lat' dir='ltr'>loco</span> <span class='ocrx_word' id='word_1_144' title='bbox 308 1738 354 1797; x_wconf 87' lang='lat' dir='ltr'>vel</span> <span class='ocrx_word' id='word_1_145' title='bbox 382 1740 412 1796; x_wconf 92' lang='lat' dir='ltr'>in</span> <span class='ocrx_word' id='word_1_146' title='bbox 441 1737 566 1797; x_wconf 90' lang='lat' dir='ltr'>diversis</span> <span class='ocrx_word' id='word_1_147' title='bbox 600 1735 702 1816; x_wconf 90' lang='lat' dir='ltr'>plures</span> <span class='ocrx_word' id='word_1_148' title='bbox 734 1738 808 1796; x_wconf 88' lang='lat' dir='ltr'>istos</span> <span class='ocrx_word' id='word_1_149' title='bbox 841 1738 978 1796; x_wconf 92' lang='lat' dir='ltr'>cutiones</span> <span class='ocrx_word' id='word_1_150' title='bbox 1011 1739 1160 1817; x_wconf 84' lang='lat' dir='ltr'>inveneris,</span> 
     </span>
     <span class='ocr_line' id='line_1_19' title="bbox 156 1824 1160 1906; baseline -0.003 -19"><span class='ocrx_word' id='word_1_151' title='bbox 156 1829 288 1887; x_wconf 93' lang='lat' dir='ltr'>omnium</span> <span class='ocrx_word' id='word_1_152' title='bbox 317 1824 495 1887; x_wconf 83' lang='lat' dir='ltr'>lotiumrel</span> <span class='ocrx_word' id='word_1_153' title='bbox 522 1843 672 1906; x_wconf 83' lang='lat' dir='ltr'>umorem,</span> <span class='ocrx_word' id='word_1_154' title='bbox 699 1824 948 1903; x_wconf 91' lang='lat' dir='ltr'>quemadmodum</span> <span class='ocrx_word' id='word_1_155' title='bbox 972 1825 1116 1906; x_wconf 59' lang='lat' dir='ltr'>diximus</span> <span class='ocrx_word' id='word_1_156' title='bbox 1136 1827 1160 1884; x_wconf 94' lang='lat' dir='ltr'>in</span> 
     </span>
     <span class='ocr_line' id='line_1_20' title="bbox 156 1913 1161 1993; baseline -0.004 -18"><span class='ocrx_word' id='word_1_157' title='bbox 156 1916 225 1975; x_wconf 84' lang='lat' dir='ltr'>solio</span> <span class='ocrx_word' id='word_1_158' title='bbox 254 1914 346 1975; x_wconf 89' lang='lat' dir='ltr'>caulis</span> <span class='ocrx_word' id='word_1_159' title='bbox 374 1914 468 1974; x_wconf 91' lang='lat' dir='ltr'>umidi</span> <span class='ocrx_word' id='word_1_160' title='bbox 496 1915 594 1974; x_wconf 92' lang='lat' dir='ltr'>statim</span> <span class='ocrx_word' id='word_1_161' title='bbox 623 1913 659 1974; x_wconf 92' lang='lat' dir='ltr'>de</span> <span class='ocrx_word' id='word_1_162' title='bbox 687 1913 774 1973; x_wconf 92' lang='lat' dir='ltr'>horto</span> <span class='ocrx_word' id='word_1_163' title='bbox 804 1915 957 1993; x_wconf 86' lang='lat' dir='ltr'>suscipere</span> <span class='ocrx_word' id='word_1_164' title='bbox 989 1913 1113 1975; x_wconf 87' lang='lat' dir='ltr'>debebis</span> <span class='ocrx_word' id='word_1_165' title='bbox 1137 1919 1161 1973; x_wconf 91' lang='lat' dir='ltr'>et</span> 
     </span>
     <span class='ocr_line' id='line_1_21' title="bbox 157 2001 1185 2081; baseline -0.001 -19"><span class='ocrx_word' id='word_1_166' title='bbox 157 2005 279 2063; x_wconf 88' lang='lat' dir='ltr'>adiectis</span> <span class='ocrx_word' id='word_1_167' title='bbox 303 2005 396 2081; x_wconf 86' lang='lat' dir='ltr'>guttis</span> <span class='ocrx_word' id='word_1_168' title='bbox 420 2001 545 2062; x_wconf 91' lang='lat' dir='ltr'>aliorum</span> <span class='ocrx_word' id='word_1_169' title='bbox 569 2002 605 2062; x_wconf 91' lang='lat' dir='ltr'>de</span> <span class='ocrx_word' id='word_1_170' title='bbox 625 2002 707 2062; x_wconf 91' lang='lat' dir='ltr'>caule</span> <span class='ocrx_word' id='word_1_171' title='bbox 727 2002 864 2062; x_wconf 88' lang='lat' dir='ltr'>loliorum</span> <span class='ocrx_word' id='word_1_172' title='bbox 884 2004 915 2062; x_wconf 91' lang='lat' dir='ltr'>in</span> <span class='ocrx_word' id='word_1_173' title='bbox 934 2003 1055 2063; x_wconf 90' lang='lat' dir='ltr'>vasculo</span> <span class='ocrx_word' id='word_1_174' title='bbox 1077 2006 1185 2064; x_wconf 70' lang='lat' dir='ltr'>vitreos</span> 
     </span>
     <span class='ocr_line' id='line_1_22' title="bbox 156 2089 1160 2173; baseline -0.001 -23"><span class='ocrx_word' id='word_1_175' title='bbox 156 2091 333 2171; x_wconf 82' lang='lat' dir='ltr'>recondere,</span> <span class='ocrx_word' id='word_1_176' title='bbox 361 2097 395 2150; x_wconf 95' lang='lat' dir='ltr'>ut</span> <span class='ocrx_word' id='word_1_177' title='bbox 423 2109 492 2150; x_wconf 92' lang='lat' dir='ltr'>cum</span> <span class='ocrx_word' id='word_1_178' title='bbox 519 2109 594 2168; x_wconf 90' lang='lat' dir='ltr'>opus</span> <span class='ocrx_word' id='word_1_179' title='bbox 618 2092 710 2150; x_wconf 85' lang='lat' dir='ltr'>luerit</span> <span class='ocrx_word' id='word_1_180' title='bbox 732 2099 851 2170; x_wconf 90' lang='lat' dir='ltr'>praesto</span> <span class='ocrx_word' id='word_1_181' title='bbox 874 2089 998 2173; x_wconf 87' lang='lat' dir='ltr'>babeas,</span> <span class='ocrx_word' id='word_1_182' title='bbox 1023 2089 1094 2171; x_wconf 92' lang='lat' dir='ltr'>quia</span> <span class='ocrx_word' id='word_1_183' title='bbox 1117 2089 1160 2152; x_wconf 89' lang='lat' dir='ltr'>dil·</span> 
     </span>
     <span class='ocr_line' id='line_1_23' title="bbox 105 2178 1161 2259; baseline 0 -20"><span class='ocrx_word' id='word_1_184' title='bbox 105 2179 278 2239; x_wconf 80' lang='lat' dir='ltr'>1aeficulter</span> <span class='ocrx_word' id='word_1_185' title='bbox 305 2179 476 2239; x_wconf 91' lang='lat' dir='ltr'>huiusmodi</span> <span class='ocrx_word' id='word_1_186' title='bbox 504 2178 645 2239; x_wconf 83' lang='lat' dir='ltr'>bestiolae</span> <span class='ocrx_word' id='word_1_187' title='bbox 676 2180 877 2240; x_wconf 87' lang='lat' dir='ltr'>inveniuntur.</span> <span class='ocrx_word' id='word_1_188' title='bbox 924 2179 966 2239; x_wconf 84' lang='lat' dir='ltr'>dd</span> <span class='ocrx_word' id='word_1_189' title='bbox 1001 2179 1161 2259; x_wconf 86' lang='lat' dir='ltr'>albuginem</span> 
     </span>
     <span class='ocr_line' id='line_1_24' title="bbox 157 2267 1162 2348; baseline 0.002 -22"><span class='ocrx_word' id='word_1_190' title='bbox 157 2267 310 2327; x_wconf 90' lang='lat' dir='ltr'>oculorum</span> <span class='ocrx_word' id='word_1_191' title='bbox 327 2267 537 2346; x_wconf 85' lang='lat' dir='ltr'>detergendam</span> <span class='ocrx_word' id='word_1_192' title='bbox 552 2268 653 2328; x_wconf 86' lang='lat' dir='ltr'>eiiicax</span> <span class='ocrx_word' id='word_1_193' title='bbox 669 2268 726 2327; x_wconf 92' lang='lat' dir='ltr'>hoc</span> <span class='ocrx_word' id='word_1_194' title='bbox 741 2268 921 2328; x_wconf 88' lang='lat' dir='ltr'>remedium:</span> <span class='ocrx_word' id='word_1_195' title='bbox 936 2268 1062 2348; x_wconf 87' lang='lat' dir='ltr'>Vulpem</span> <span class='ocrx_word' id='word_1_196' title='bbox 1076 2272 1162 2330; x_wconf 83' lang='lat' dir='ltr'>viram</span> 
     </span>
     <span class='ocr_line' id='line_1_25' title="bbox 157 2356 1162 2436; baseline 0 -20"><span class='ocrx_word' id='word_1_197' title='bbox 157 2358 256 2435; x_wconf 86' lang='lat' dir='ltr'>capies</span> <span class='ocrx_word' id='word_1_198' title='bbox 280 2358 367 2435; x_wconf 89' lang='lat' dir='ltr'>eique</span> <span class='ocrx_word' id='word_1_199' title='bbox 391 2356 520 2436; x_wconf 90' lang='lat' dir='ltr'>linguam</span> <span class='ocrx_word' id='word_1_200' title='bbox 548 2356 702 2436; x_wconf 92' lang='lat' dir='ltr'>praecides</span> <span class='ocrx_word' id='word_1_201' title='bbox 726 2358 881 2435; x_wconf 91' lang='lat' dir='ltr'>ipsamque</span> <span class='ocrx_word' id='word_1_202' title='bbox 905 2358 999 2417; x_wconf 88' lang='lat' dir='ltr'>vivam</span> <span class='ocrx_word' id='word_1_203' title='bbox 1029 2358 1162 2434; x_wconf 83' lang='lat' dir='ltr'>dimittes,</span> 
     </span>
     <span class='ocr_line' id='line_1_26' title="bbox 156 2444 1188 2524; baseline -0.001 -20"><span class='ocrx_word' id='word_1_204' title='bbox 156 2444 285 2523; x_wconf 91' lang='lat' dir='ltr'>lingnam</span> <span class='ocrx_word' id='word_1_205' title='bbox 316 2452 414 2505; x_wconf 87' lang='lat' dir='ltr'>autem</span> <span class='ocrx_word' id='word_1_206' title='bbox 439 2448 503 2506; x_wconf 92' lang='lat' dir='ltr'>eius</span> <span class='ocrx_word' id='word_1_207' title='bbox 531 2445 689 2506; x_wconf 80' lang='lat' dir='ltr'>arefactam</span> <span class='ocrx_word' id='word_1_208' title='bbox 717 2445 874 2524; x_wconf 91' lang='lat' dir='ltr'>phoenicio</span> <span class='ocrx_word' id='word_1_209' title='bbox 902 2445 1008 2523; x_wconf 91' lang='lat' dir='ltr'>ligabis</span> <span class='ocrx_word' id='word_1_210' title='bbox 1037 2455 1068 2508; x_wconf 91' lang='lat' dir='ltr'>et</span> <span class='ocrx_word' id='word_1_211' title='bbox 1096 2445 1188 2508; x_wconf 75' lang='lat' dir='ltr'>collos</span> 
     </span>
     <span class='ocr_line' id='line_1_27' title="bbox 105 2533 1163 2614; baseline 0.001 -21"><span class='ocrx_word' id='word_1_212' title='bbox 105 2535 235 2614; x_wconf 74' lang='lat' dir='ltr'>teocius,</span> <span class='ocrx_word' id='word_1_213' title='bbox 251 2536 302 2612; x_wconf 93' lang='lat' dir='ltr'>qui</span> <span class='ocrx_word' id='word_1_214' title='bbox 317 2533 485 2612; x_wconf 91' lang='lat' dir='ltr'>albuginem</span> <span class='ocrx_word' id='word_1_215' title='bbox 499 2536 639 2614; x_wconf 87' lang='lat' dir='ltr'>patietur,</span> <span class='ocrx_word' id='word_1_216' title='bbox 654 2533 827 2611; x_wconf 91' lang='lat' dir='ltr'>suspendes.</span> <span class='ocrx_word' id='word_1_217' title='bbox 851 2533 967 2594; x_wconf 91' lang='lat' dir='ltr'>Herbae</span> <span class='ocrx_word' id='word_1_218' title='bbox 982 2535 1163 2614; x_wconf 84' lang='lat' dir='ltr'>symphonia·</span> 
     </span>
     <span class='ocr_line' id='line_1_28' title="bbox 158 2622 1163 2704; baseline 0.001 -22"><span class='ocrx_word' id='word_1_219' title='bbox 158 2641 208 2682; x_wconf 90' lang='lat' dir='ltr'>cae</span> <span class='ocrx_word' id='word_1_220' title='bbox 233 2623 386 2684; x_wconf 91' lang='lat' dir='ltr'>surculum</span> <span class='ocrx_word' id='word_1_221' title='bbox 410 2623 485 2684; x_wconf 92' lang='lat' dir='ltr'>collo</span> <span class='ocrx_word' id='word_1_222' title='bbox 510 2625 583 2704; x_wconf 85' lang='lat' dir='ltr'>eius,</span> <span class='ocrx_word' id='word_1_223' title='bbox 607 2624 659 2701; x_wconf 92' lang='lat' dir='ltr'>qui</span> <span class='ocrx_word' id='word_1_224' title='bbox 685 2622 853 2700; x_wconf 89' lang='lat' dir='ltr'>albuginem</span> <span class='ocrx_word' id='word_1_225' title='bbox 876 2624 998 2703; x_wconf 84' lang='lat' dir='ltr'>patitur,</span> <span class='ocrx_word' id='word_1_226' title='bbox 1021 2622 1084 2684; x_wconf 93' lang='lat' dir='ltr'>lino</span> <span class='ocrx_word' id='word_1_227' title='bbox 1108 2641 1163 2685; x_wconf 93' lang='lat' dir='ltr'>sus·</span> 
     </span>
     <span class='ocr_line' id='line_1_29' title="bbox 156 2710 1165 2794; baseline -0.002 -22"><span class='ocrx_word' id='word_1_228' title='bbox 156 2711 277 2794; x_wconf 86' lang='lat' dir='ltr'>pendes,</span> <span class='ocrx_word' id='word_1_229' title='bbox 302 2715 342 2772; x_wconf 93' lang='lat' dir='ltr'>ita</span> <span class='ocrx_word' id='word_1_230' title='bbox 365 2721 399 2772; x_wconf 92' lang='lat' dir='ltr'>ut</span> <span class='ocrx_word' id='word_1_231' title='bbox 421 2730 476 2790; x_wconf 88' lang='lat' dir='ltr'>per</span> <span class='ocrx_word' id='word_1_232' title='bbox 499 2711 563 2772; x_wconf 94' lang='lat' dir='ltr'>dies</span> <span class='ocrx_word' id='word_1_233' title='bbox 587 2712 708 2788; x_wconf 88' lang='lat' dir='ltr'>triginta</span> <span class='ocrx_word' id='word_1_234' title='bbox 730 2710 791 2770; x_wconf 92' lang='lat' dir='ltr'>illic</span> <span class='ocrx_word' id='word_1_235' title='bbox 815 2713 866 2771; x_wconf 92' lang='lat' dir='ltr'>sit:</span> <span class='ocrx_word' id='word_1_236' title='bbox 890 2720 1001 2789; x_wconf 93' lang='lat' dir='ltr'>quanto</span> <span class='ocrx_word' id='word_1_237' title='bbox 1020 2715 1165 2774; x_wconf 88' lang='lat' dir='ltr'>recentior</span> 
     </span>
     <span class='ocr_line' id='line_1_30' title="bbox 104 2798 1165 2880; baseline 0.001 -20"><span class='ocrx_word' id='word_1_238' title='bbox 104 2800 268 2879; x_wconf 83' lang='lat' dir='ltr'>131albug0</span> <span class='ocrx_word' id='word_1_239' title='bbox 292 2802 397 2880; x_wconf 83' lang='lat' dir='ltr'>suerit,</span> <span class='ocrx_word' id='word_1_240' title='bbox 426 2808 506 2860; x_wconf 90' lang='lat' dir='ltr'>tanto</span> <span class='ocrx_word' id='word_1_241' title='bbox 535 2801 623 2859; x_wconf 87' lang='lat' dir='ltr'>citius</span> <span class='ocrx_word' id='word_1_242' title='bbox 653 2798 813 2859; x_wconf 90' lang='lat' dir='ltr'>sanabitur.</span> <span class='ocrx_word' id='word_1_243' title='bbox 854 2798 1066 2861; x_wconf 83' lang='lat' dir='ltr'>llosmarinum</span> <span class='ocrx_word' id='word_1_244' title='bbox 1094 2820 1165 2863; x_wconf 90' lang='lat' dir='ltr'>com-</span> 
     </span>
     <span class='ocr_line' id='line_1_31' title="bbox 156 2887 1192 2969; baseline -0.008 -18"><span class='ocrx_word' id='word_1_245' title='bbox 156 2889 231 2950; x_wconf 91' lang='lat' dir='ltr'>bure</span> <span class='ocrx_word' id='word_1_246' title='bbox 260 2899 290 2951; x_wconf 93' lang='lat' dir='ltr'>et</span> <span class='ocrx_word' id='word_1_247' title='bbox 316 2889 469 2969; x_wconf 87' lang='lat' dir='ltr'>pulverem</span> <span class='ocrx_word' id='word_1_248' title='bbox 500 2889 565 2948; x_wconf 91' lang='lat' dir='ltr'>eius</span> <span class='ocrx_word' id='word_1_249' title='bbox 594 2905 661 2948; x_wconf 91' lang='lat' dir='ltr'>cum</span> <span class='ocrx_word' id='word_1_250' title='bbox 688 2887 775 2947; x_wconf 91' lang='lat' dir='ltr'>melle</span> <span class='ocrx_word' id='word_1_251' title='bbox 798 2887 895 2948; x_wconf 79' lang='lat' dir='ltr'>Attico</span> <span class='ocrx_word' id='word_1_252' title='bbox 924 2887 1085 2967; x_wconf 89' lang='lat' dir='ltr'>diligenter</span> <span class='ocrx_word' id='word_1_253' title='bbox 1108 2897 1192 2950; x_wconf 80' lang='lat' dir='ltr'>terea</span> 
     </span>
     <span class='ocr_line' id='line_1_32' title="bbox 157 2975 1167 3058; baseline 0.001 -22"><span class='ocrx_word' id='word_1_254' title='bbox 157 2996 191 3037; x_wconf 91' lang='lat' dir='ltr'>ac</span> <span class='ocrx_word' id='word_1_255' title='bbox 218 2980 366 3056; x_wconf 89' lang='lat' dir='ltr'>permisce</span> <span class='ocrx_word' id='word_1_256' title='bbox 394 2985 482 3056; x_wconf 89' lang='lat' dir='ltr'>atque</span> <span class='ocrx_word' id='word_1_257' title='bbox 510 2975 579 3036; x_wconf 91' lang='lat' dir='ltr'>inde</span> <span class='ocrx_word' id='word_1_258' title='bbox 609 2978 733 3056; x_wconf 82' lang='lat' dir='ltr'>inunge,</span> <span class='ocrx_word' id='word_1_259' title='bbox 762 2976 918 3036; x_wconf 80' lang='lat' dir='ltr'>confestim</span> <span class='ocrx_word' id='word_1_260' title='bbox 946 2976 1108 3040; x_wconf 88' lang='lat' dir='ltr'>subvenies</span> <span class='ocrx_word' id='word_1_261' title='bbox 1134 2979 1167 3058; x_wconf 84' lang='lat' dir='ltr'>ei,</span> 
     </span>
     <span class='ocr_line' id='line_1_33' title="bbox 105 3064 1167 3147; baseline 0 -21"><span class='ocrx_word' id='word_1_262' title='bbox 105 3066 216 3142; x_wconf 74' lang='lat' dir='ltr'>132qui</span> <span class='ocrx_word' id='word_1_263' title='bbox 244 3064 412 3144; x_wconf 90' lang='lat' dir='ltr'>albuginem</span> <span class='ocrx_word' id='word_1_264' title='bbox 440 3066 560 3143; x_wconf 86' lang='lat' dir='ltr'>patitur.</span> <span class='ocrx_word' id='word_1_265' title='bbox 605 3064 714 3125; x_wconf 88' lang='lat' dir='ltr'>Fabam</span> <span class='ocrx_word' id='word_1_266' title='bbox 742 3064 865 3125; x_wconf 81' lang='lat' dir='ltr'>fractam</span> <span class='ocrx_word' id='word_1_267' title='bbox 897 3073 1054 3144; x_wconf 87' lang='lat' dir='ltr'>purgatam</span> <span class='ocrx_word' id='word_1_268' title='bbox 1083 3076 1167 3147; x_wconf 89' lang='lat' dir='ltr'>atquc</span> 
     </span>
     <span class='ocr_line' id='line_1_34' title="bbox 156 3152 1168 3235; baseline 0.005 -24"><span class='ocrx_word' id='word_1_269' title='bbox 156 3160 254 3211; x_wconf 91' lang='lat' dir='ltr'>ustam</span> <span class='ocrx_word' id='word_1_270' title='bbox 278 3152 313 3212; x_wconf 91' lang='lat' dir='ltr'>ad</span> <span class='ocrx_word' id='word_1_271' title='bbox 338 3156 482 3213; x_wconf 89' lang='lat' dir='ltr'>summam</span> <span class='ocrx_word' id='word_1_272' title='bbox 500 3152 648 3213; x_wconf 87' lang='lat' dir='ltr'>levitatem</span> <span class='ocrx_word' id='word_1_273' title='bbox 673 3161 753 3213; x_wconf 88' lang='lat' dir='ltr'>teres</span> <span class='ocrx_word' id='word_1_274' title='bbox 772 3161 803 3214; x_wconf 91' lang='lat' dir='ltr'>et</span> <span class='ocrx_word' id='word_1_275' title='bbox 820 3153 924 3214; x_wconf 89' lang='lat' dir='ltr'>oculos</span> <span class='ocrx_word' id='word_1_276' title='bbox 943 3154 1012 3214; x_wconf 93' lang='lat' dir='ltr'>inde</span> <span class='ocrx_word' id='word_1_277' title='bbox 1032 3155 1168 3235; x_wconf 86' lang='lat' dir='ltr'>albugine</span> 
     </span>
     <span class='ocr_line' id='line_1_35' title="bbox 158 3241 1169 3322; baseline 0.005 -22"><span class='ocrx_word' id='word_1_278' title='bbox 158 3247 318 3318; x_wconf 89' lang='lat' dir='ltr'>occupatos</span> <span class='ocrx_word' id='word_1_279' title='bbox 337 3241 460 3300; x_wconf 91' lang='lat' dir='ltr'>adsidue</span> <span class='ocrx_word' id='word_1_280' title='bbox 480 3259 516 3300; x_wconf 86' lang='lat' dir='ltr'>ex</span> <span class='ocrx_word' id='word_1_281' title='bbox 535 3260 609 3320; x_wconf 91' lang='lat' dir='ltr'>aqua</span> <span class='ocrx_word' id='word_1_282' title='bbox 630 3241 829 3322; x_wconf 84' lang='lat' dir='ltr'>circumlines,</span> <span class='ocrx_word' id='word_1_283' title='bbox 854 3244 930 3303; x_wconf 92' lang='lat' dir='ltr'>miro</span> <span class='ocrx_word' id='word_1_284' title='bbox 948 3243 1083 3304; x_wconf 91' lang='lat' dir='ltr'>remedio</span> <span class='ocrx_word' id='word_1_285' title='bbox 1104 3244 1169 3306; x_wconf 87' lang='lat' dir='ltr'>sub</span> 
     </span>
     <span class='ocr_line' id='line_1_36' title="bbox 106 3328 1195 3414; baseline 0.001 -22"><span class='ocrx_word' id='word_1_286' title='bbox 106 3332 272 3392; x_wconf 83' lang='lat' dir='ltr'>laarenies.</span> <span class='ocrx_word' id='word_1_287' title='bbox 317 3328 412 3389; x_wconf 92' lang='lat' dir='ltr'>Piscis</span> <span class='ocrx_word' id='word_1_288' title='bbox 440 3331 547 3389; x_wconf 87' lang='lat' dir='ltr'>marini</span> <span class='ocrx_word' id='word_1_289' title='bbox 574 3328 655 3410; x_wconf 82' lang='lat' dir='ltr'>selle,</span> <span class='ocrx_word' id='word_1_290' title='bbox 688 3332 739 3408; x_wconf 94' lang='lat' dir='ltr'>qui</span> <span class='ocrx_word' id='word_1_291' title='bbox 772 3333 905 3411; x_wconf 90' lang='lat' dir='ltr'>scorpios</span> <span class='ocrx_word' id='word_1_292' title='bbox 934 3330 1059 3414; x_wconf 87' lang='lat' dir='ltr'>dicitur,</span> <span class='ocrx_word' id='word_1_293' title='bbox 1093 3333 1195 3395; x_wconf 76' lang='lat' dir='ltr'>oculitt</span> 
     </span>
     <span class='ocr_line' id='line_1_37' title="bbox 161 3416 1169 3497; baseline 0.006 -20"><span class='ocrx_word' id='word_1_294' title='bbox 161 3419 277 3478; x_wconf 90' lang='lat' dir='ltr'>inuncti</span> <span class='ocrx_word' id='word_1_295' title='bbox 301 3416 424 3494; x_wconf 91' lang='lat' dir='ltr'>caligine</span> <span class='ocrx_word' id='word_1_296' title='bbox 449 3426 537 3496; x_wconf 88' lang='lat' dir='ltr'>atque</span> <span class='ocrx_word' id='word_1_297' title='bbox 558 3417 694 3496; x_wconf 90' lang='lat' dir='ltr'>albugine</span> <span class='ocrx_word' id='word_1_298' title='bbox 714 3421 847 3497; x_wconf 91' lang='lat' dir='ltr'>quamvis</span> <span class='ocrx_word' id='word_1_299' title='bbox 867 3438 966 3480; x_wconf 91' lang='lat' dir='ltr'>crassa</span> <span class='ocrx_word' id='word_1_300' title='bbox 986 3423 1046 3481; x_wconf 93' lang='lat' dir='ltr'>cito</span> <span class='ocrx_word' id='word_1_301' title='bbox 1065 3422 1169 3484; x_wconf 90' lang='lat' dir='ltr'>libera-</span> 
     </span>
     <span class='ocr_line' id='line_1_38' title="bbox 106 3504 1170 3587; baseline 0.005 -20"><span class='ocrx_word' id='word_1_302' title='bbox 106 3505 284 3568; x_wconf 83' lang='lat' dir='ltr'>134buntur.</span> <span class='ocrx_word' id='word_1_303' title='bbox 331 3504 457 3584; x_wconf 91' lang='lat' dir='ltr'>Sanguis</span> <span class='ocrx_word' id='word_1_304' title='bbox 485 3505 687 3568; x_wconf 85' lang='lat' dir='ltr'>columbarum</span> <span class='ocrx_word' id='word_1_305' title='bbox 716 3508 752 3567; x_wconf 93' lang='lat' dir='ltr'>de</span> <span class='ocrx_word' id='word_1_306' title='bbox 778 3507 842 3568; x_wconf 90' lang='lat' dir='ltr'>loco</span> <span class='ocrx_word' id='word_1_307' title='bbox 867 3511 1024 3587; x_wconf 90' lang='lat' dir='ltr'>pinnarum</span> <span class='ocrx_word' id='word_1_308' title='bbox 1051 3529 1086 3571; x_wconf 90' lang='lat' dir='ltr'>eo</span> <span class='ocrx_word' id='word_1_309' title='bbox 1111 3531 1170 3572; x_wconf 92' lang='lat' dir='ltr'>mo·</span> 
     </span>
    </p>
   </div>
   <div class='ocr_carea' id='block_1_3' title="bbox 0 0 1226 3878">
    <p class='ocr_par' dir='ltr' id='par_1_3' title="bbox 0 0 1226 3878">
     <span class='ocr_line' id='line_1_39' title="bbox 0 0 1226 3878; baseline 0 0"><span class='ocrx_word' id='word_1_310' title='bbox 0 0 1226 3878; x_wconf 95' lang='lat' dir='ltr'> </span> 
     </span>
    </p>
   </div>
  </div>
 </body>
</html>
