2452 3878
466 129 705 194 ..75-

65 291 191 352 adsidue
218 290 322 351 inlitus
357 293 450 351 aciem
481 290 635 352 oculorum
664 291 788 370 caligine
822 300 980 353 extenuata
1012 311 1081 353 con·

66 381 173 440 firmat.
205 379 386 440 scarabaeus
406 379 513 440 coloris
533 381 712 458 smaragdini
726 388 841 441 tantum
856 380 994 441 beneficii
1008 394 1135 444 ocu-100

65 468 103 529 lis
130 475 282 547 praestare
311 467 434 548 dicitur,
461 475 495 528 ut
524 471 666 529 visionem
694 471 722 529 ei
745 471 945 529 acutissimam
968 469 1081 549 reddat,

66 559 118 636 qui
142 574 211 617 eum
239 555 455 634 contemplatus
483 557 574 617 luerit
601 557 732 618 adsidue.
779 557 899 618 Cocleas
925 558 1133 620 Africanas101

36 663 151 706 overas
180 663 270 724 super
298 647 424 724 spissam
452 645 624 706 craticulam
652 646 810 724 dispositas
837 648 939 725 ponito
964 653 993 706 et
1017 665 1082 707 car-

64 734 158 793 bones
183 751 268 793 acres
291 733 413 794 adsidue
437 735 601 814 suggerito,
626 741 659 794 ut
682 734 844 812 aequaliter
868 734 1081 814 conburantur,

64 821 173 882 deiude
201 823 344 881 mortario
372 823 474 902 terito,
504 829 538 882 ut
566 823 774 882 tenuissimum
799 840 834 882 ex
857 822 904 883 his
928 823 1081 901 pulverem

64 911 170 990 iacias,
198 910 370 988 adiectaque
393 909 488 970 mellis
512 909 604 970 Attici
626 910 721 989 cotyla
746 929 804 970 una
832 913 941 971 iterum
965 911 1081 972 validis-

64 1001 138 1059 sime
172 1001 262 1059 terito
295 1007 325 1057 et
357 998 546 1076 postmodum
579 1000 608 1058 in
641 998 761 1058 vasculo
794 999 878 1060 fictili
909 1019 1020 1078 repone
1051 1008 1081 1061 et

28 1090 147 1166 resigna
169 1094 198 1147 et
217 1105 285 1147 oum
300 1086 389 1146 alicui
407 1087 521 1146 mederi
535 1087 624 1167 voles,
644 1087 765 1166 specillo
784 1088 853 1147 inde
872 1106 941 1149 eum
960 1090 1080 1169 inunge,

62 1178 141 1236 intra
166 1193 277 1254 paucos
296 1175 360 1235 dies
378 1177 524 1253 integram
543 1178 636 1236 aciem
655 1178 719 1236 eius
738 1175 906 1254 claramque
925 1179 1075 1237 restitues.

62 1263 110 1324 Fit
129 1282 168 1323 ex
187 1265 286 1342 vipera
306 1262 462 1342 collyrium
481 1264 515 1323 ad
534 1264 674 1341 caligines
694 1264 849 1324 oculorum
868 1265 1133 1344 adaperiendastoa

62 1351 326 1430 discutiendasque
351 1351 517 1411 mirificum.
551 1351 801 1431 Comprehensam
825 1354 916 1430 igitur
939 1356 1080 1414 occisam·

63 1459 121 1519 que
146 1442 278 1519 viperam
297 1442 328 1499 in
347 1459 415 1500 vaso
435 1439 518 1500 fictili
537 1458 664 1518 repones
684 1458 806 1518 eamque
827 1440 886 1500 illic
905 1449 1079 1520 putrescere

30 1526 230 1610 npermittes,
253 1528 347 1588 donec
371 1547 406 1588 ex
430 1547 463 1588 ea
487 1529 643 1589 vermiculi
664 1535 838 1608 nascentum
860 1528 916 1588 hos
940 1529 1031 1607 eliges
1050 1537 1080 1589 et

63 1627 202 1678 conteres
231 1624 261 1677 et
289 1617 398 1676 adicies
427 1616 474 1676 his
502 1619 583 1676 croci
610 1616 762 1696 paululum
800 1624 830 1677 et
858 1619 967 1677 iterum
1000 1626 1079 1678 teres
1109 1651 1115 1656 -

63 1714 154 1784 atque
177 1705 246 1765 iude
266 1705 386 1783 collyria
405 1706 494 1765 iacies
514 1712 544 1765 et
562 1707 605 1765 sic
625 1724 693 1765 cum
713 1704 798 1765 melle
817 1705 914 1765 Attico
934 1713 985 1766 aut
1003 1705 1079 1766 lacte

63 1793 203 1855 muliebri
234 1793 328 1854 oculis
356 1795 498 1872 inunges3
531 1792 609 1853 idem
638 1801 769 1872 praestat
797 1801 827 1854 et
855 1796 930 1854 cinis
960 1797 1078 1872 viperae

63 1881 240 1961 conbustae,
269 1884 347 1942 sicut
374 1899 464 1959 supra
493 1884 638 1960 scriptum
666 1890 724 1962 est,
753 1883 804 1942 sed
833 1900 901 1942 cum
928 1881 975 1942 his
1003 1901 1079 1961 quae

27 1970 110 2031 sohic
135 1971 249 2031 adiecta
274 1979 344 2030 sunt
367 1977 558 2048 temperatus.
599 1969 695 2031 Salem
719 1989 808 2049 quam
831 1971 1131 2034 candidissimnm103

62 2061 182 2120 ieiunus
211 2061 238 2119 si
264 2058 373 2118 cotidie
397 2060 575 2138 gustaveris,
604 2076 721 2119 omnem
745 2059 899 2120 oculorum
922 2059 1079 2138 caliginem

63 2150 121 2209 cito
151 2147 334 2208 extenuabis.
381 2146 433 2206 Fel
461 2149 596 2206 ursinum
625 2154 713 2225 atque
738 2147 869 2226 hyaenae
893 2167 961 2209 cum
988 2147 1073 2209 melle
1081 2161 1133 2212 104

62 2239 177 2314 optimo
200 2238 325 2296 mixtum
350 2245 379 2295 et
403 2235 453 2295 diu
477 2237 656 2313 coagitatum
676 2234 820 2313 caligines
845 2239 955 2317 eximit,
981 2239 1007 2299 si
1030 2237 1079 2297 ad·

62 2325 148 2385 sidue
178 2324 246 2384 inde
275 2323 353 2384 oculi
381 2323 590 2383 sullundantur
613 2332 664 2383 aut
687 2324 919 2402 superlinautur.
964 2325 1073 2404 adipes
1082 2337 1132 2386 1oo

26 2415 197 2474 ssomnium
221 2411 383 2472 fluvialium
407 2415 532 2490 piscium
554 2414 584 2472 in
605 2411 666 2472 sole
685 2412 860 2491 liquefactae
880 2414 1078 2492 adiunctoque

61 2501 149 2563 melle
173 2502 341 2560 inunctioni
365 2500 512 2560 adhibitae
536 2501 660 2561 mirifice
684 2500 779 2561 oculis
798 2501 992 2580 caligantibus
1012 2520 1078 2580 pro-

62 2598 142 2651 sunt
180 2587 297 2649 lierbae
322 2588 503 2649 chelidoniae
523 2607 637 2668 sucum,
657 2589 778 2651 feniculi
797 2608 902 2672 sucum
926 2591 962 2650 ad
987 2602 1131 2669 quar-106

62 2681 154 2740 tarios
183 2677 317 2755 singulos
345 2680 436 2738 misce
463 2696 531 2738 cum
555 2676 651 2737 mellis
679 2680 782 2757 optimi
811 2680 969 2757 quartariis
994 2685 1077 2757 quat·

61 2774 131 2829 tuor
150 2774 182 2827 et
203 2765 305 2826 oculos
327 2766 484 2843 gravedine
506 2775 536 2825 ct
559 2766 742 2843 aspritudine
767 2766 934 2827 laborantes
957 2768 1077 2843 inunge,

27 2857 138 2916 oomire
171 2853 319 2934 proderit,
351 2855 400 2914 sed
431 2852 520 2914 simul
548 2856 644 2914 omnia
673 2854 806 2932 decoque
834 2856 865 2913 in
893 2870 962 2912 vaso
991 2869 1077 2912 aereo

62 2951 91 3004 et
118 2945 163 3004 sic
192 2944 358 3003 inunctioni
386 2960 513 3002 reserva.
559 2940 647 3019 Lapis
675 2943 790 3002 medius
814 2944 844 3000 in
867 2939 968 3019 lupina
992 2939 1131 3020 pelli-tot

63 3030 128 3093 cula
161 3030 328 3109 subligatus
361 3030 436 3090 collo
469 3039 557 3108 atque
586 3030 625 3089 ita
654 3030 706 3090 diu
733 3036 881 3108 portatuS,
914 3029 966 3088 sed
994 3030 1078 3108 prius

62 3118 202 3183 muliebri
229 3119 305 3180 lactc
332 3126 532 3198 pertractatus
560 3135 619 3176 nou
644 3125 757 3178 tantum
781 3119 922 3195 caligines
946 3127 1078 3200 tenuare,

63 3226 167 3270 vorum
182 3209 271 3268 etiam
286 3208 457 3287 ypochysim
473 3207 621 3268 discutere
637 3214 667 3267 et
681 3206 838 3268 obductam
854 3209 947 3269 aciem
962 3211 1078 3287 aperire

30 3298 226 3359 “cousuevit
265 3294 373 3376 Hygra,
398 3314 472 3374 quae
495 3295 618 3375 prodest
642 3296 723 3356 valde
747 3296 783 3357 ad
804 3297 958 3375 caliginem
977 3297 1132 3357 detor-108

134 3490 150 3541 t
168 3484 203 3541 ὄπ
220 3483 368 3538 confirmat
385 3485 547 3540 uocabulum
565 3486 667 3540 desinit
685 3484 769 3539 codes
786 3500 870 3553 usque
888 3484 925 3538 ad
943 3488 957 3548 ς
975 3486 1033 3536 168.
