2422 3878
529 107 772 171 -274-

143 271 266 351 Dantur,
286 288 354 330 cum
373 287 423 331 res
440 268 579 349 postulat,
599 286 635 328 ex
654 276 738 329 aceto
757 279 787 329 et
805 269 892 330 melle
910 272 1057 333 inunum
1074 277 1172 338 mixto

143 359 256 438 cyathis
280 357 391 439 tribus,
414 357 449 419 ad
473 359 578 417 vitium
602 363 699 417 autem
723 356 890 438 mulierum,
917 376 975 436 quo
1002 373 1171 444 correptae

144 447 339 527 suffocantur,
369 445 447 526 quod
476 445 581 505 Graeci
608 445 778 524 hystericen
809 448 897 524 pniga
925 448 1102 532 appellant,
1134 472 1170 514 ex

143 554 219 614 aqua
246 536 341 596 mulsa
370 535 433 595 dari
457 540 586 612 oportet,
615 541 759 612 quantum
782 552 843 595 nux
866 534 996 596 avellana
1021 545 1088 620 est3
1119 541 1169 602 de·

142 625 234 685 trahit
257 626 337 683 enim
359 624 475 682 urinam
499 623 657 699 copiosam.
1180 648 1192 688 ⁶

106 724 124 773 ‘1
231 712 492 789 Medicamentum,
520 710 598 787 quod
627 709 829 771 dodecatheon
857 710 1037 794 appellatur,
1062 725 1168 778 movet

142 804 273 879 urinam,
301 798 371 858 facit
394 805 424 857 et
446 797 482 859 ad
506 816 571 878 eos,
599 800 652 876 qui
673 797 827 859 reficiendi
852 806 923 859 sunt
944 809 1015 877 post
1038 818 1166 878 gravem

142 887 374 965 inbecillitatem,
400 886 470 946 lacit
494 894 523 946 et
546 886 582 946 ad
606 888 780 965 auruginem
803 885 947 948 habentes
970 895 1001 948 et
1026 890 1064 949 ad
1090 893 1164 953 ioci-

141 977 223 1036 neris
247 983 278 1034 et
300 976 418 1034 renium
441 967 583 1035 dolorem
597 982 627 1034 et
650 974 686 1034 ad
709 974 839 1036 lienosos
864 981 894 1035 et
916 975 953 1035 ad
975 975 1162 1058 hydropicos

142 1072 172 1124 et
196 1063 231 1123 ad
255 1061 415 1124 difficulter
437 1064 554 1124 urinam
578 1062 753 1143 reddentes,
776 1062 927 1142 crapulam
951 1081 1074 1144 quoque
1100 1086 1162 1128 non
1176 1088 1200 1127 ao

141 1154 254 1231 patitur
277 1153 344 1211 vino
369 1152 454 1230 nigro
477 1158 581 1230 potum
606 1149 778 1211 subsistere.
814 1151 941 1212 Prodest
965 1154 1162 1217 stomachicis

141 1249 172 1302 et
194 1238 370 1301 mulieribus
393 1258 409 1299 a
432 1239 518 1300 vulva
540 1237 743 1300 laborantibus
766 1245 797 1299 et
820 1239 855 1299 ad
875 1241 973 1300 omnia
991 1259 1112 1304 venena
1131 1252 1162 1305 et

141 1330 177 1390 ad
201 1332 385 1408 serpentium
408 1346 526 1389 morsus
549 1336 637 1407 atque
661 1329 739 1388 ictus
763 1334 793 1387 et
811 1327 847 1387 ad
866 1330 994 1388 interius
1012 1332 1160 1392 convulsa

141 1421 213 1478 satis
236 1418 308 1478 utile
333 1426 392 1497 est3
415 1417 572 1477 conficitur
596 1416 653 1475 sio:
675 1415 790 1495 Myrrae
814 1413 893 1495 llll,
917 1419 1013 1477 casiae
1033 1421 1161 1481 corticis

140 1506 225 1586 llll,
253 1509 306 1566 iris
330 1504 441 1585 lllS,
469 1505 528 1582 apii
551 1504 673 1563 seminis
697 1502 768 1564 llll
796 1513 827 1566 et
853 1505 973 1565 tertiam
996 1507 1160 1588 victoriati,
1174 1527 1196 1568 rs

140 1597 221 1655 acori
245 1594 268 1653 lt
287 1593 310 1675 I,
333 1611 406 1654 uvae
424 1609 529 1670 passae
548 1593 612 1651 sine
631 1593 730 1669 granis
749 1590 834 1653 ΠΙ.
870 1591 949 1653 Haec
968 1596 1068 1654 omnia
1087 1598 1158 1657 vino

138 1684 257 1742 Ariusio
281 1690 405 1742 contusa
428 1679 617 1757 cribrataque
641 1687 892 1760 consparguntur3
917 1681 1023 1741 deinde
1048 1701 1086 1743 ex
1108 1684 1158 1745 his

139 1771 215 1831 fiunt
238 1769 348 1849 pastilli
370 1767 396 1827 X
420 1768 618 1849 singulorum,
647 1768 780 1846 quamvis
808 1777 912 1829 auctor
940 1769 1018 1829 dicat
1048 1789 1081 1831 se
1104 1791 1156 1851 pa-

140 1859 226 1918 stillis
254 1877 342 1918 usum
371 1859 458 1917 etiam
487 1856 523 1916 ad
552 1856 666 1916 denarii
694 1857 847 1916 semissem
875 1875 944 1917 cum
971 1859 1033 1918 vini
1062 1877 1156 1938 supra

139 1946 212 2007 dicti
237 1947 350 2025 cyatho.
1169 1968 1194 2007 20

102 2047 120 2095 8
227 2034 475 2095 Medicamentum
493 2036 602 2093 mirum
621 2033 657 2093 ad
677 2031 803 2112 cyliacos
822 2041 852 2092 et
870 2051 907 2093 ex
925 2033 1073 2095 cruditate
1088 2053 1155 2114 gra-

138 2122 259 2181 vedines
284 2122 459 2199 doloresque
483 2121 643 2182 cuiuslibet
660 2123 754 2200 partis
772 2122 804 2180 in
823 2139 947 2200 corpore
967 2124 1155 2185 sustinentes

138 2226 195 2267 nec
222 2210 321 2268 minus
349 2208 384 2268 ad
413 2207 567 2268 oculorum
597 2209 668 2268 lacit
695 2215 725 2269 et
752 2211 869 2269 renium
893 2209 1025 2270 dolorem
1048 2228 1154 2273 arcen-

141 2295 212 2355 dum
236 2304 266 2355 et
288 2295 324 2355 ad
348 2295 477 2355 scabiem
500 2298 630 2356 vessicae
654 2303 684 2357 et
707 2296 743 2356 ad
766 2298 906 2357 iocineris
929 2297 1079 2373 duritiam,
1103 2318 1152 2360 ex·

140 2385 232 2443 siccat
264 2385 343 2443 enim
377 2401 499 2464 corpus3
531 2383 654 2462 prodest
687 2391 717 2444 et
744 2385 779 2445 ad
808 2387 929 2466 arteria3
961 2385 1091 2465 denique
1120 2390 1191 2448 inas

138 2472 275 2533 omnihus
304 2471 506 2533 laborantibus
534 2473 652 2533 adiuvat
680 2481 710 2533 et
737 2476 945 2534 concoctiones
974 2481 1004 2534 et
1031 2477 1150 2536 urinam

137 2570 244 2642 movet,
263 2561 421 2622 coniicitur
440 2563 496 2622 sic:
515 2560 607 2622 Nardi
627 2561 772 2642 Syriacae,
791 2563 880 2642 croci,
899 2580 1024 2641 myrrae,
1044 2566 1151 2645 casiae,

137 2653 221 2732 costi,
246 2653 383 2731 cinnami,
406 2651 542 2731 castorei,
565 2651 687 2711 schoeni
707 2649 798 2729 floris,
817 2652 929 2728 piperis
948 2649 1016 2729 albi,
1035 2652 1151 2730 piperis

138 2741 230 2821 longi,
255 2740 382 2819 galbani,
406 2741 521 2800 resinae
546 2738 772 2819 terebinthinae,
796 2740 931 2818 storacis,
954 2740 1023 2818 opii,
1048 2741 1150 2818 singu·

135 2828 233 2889 lorum
256 2828 281 2887 ll
307 2835 496 2908 quarternos,
524 2827 627 2889 alterni
650 2828 785 2907 seminis,
813 2829 907 2906 anesi,
933 2827 992 2905 apii
1014 2829 1187 2909 seminique

136 2917 320 2995 singulorum
340 2916 366 2976 ll
386 2919 501 2997 quinos,
520 2916 704 2996 tragacanthi
722 2914 808 2997 ltVl,
826 2915 930 2996 mellis,
949 2915 1010 2975 vini
1028 2913 1151 2977 Falerni

225 3103 493 3171 3cythe...ricem
531 3101 622 3156 ionem
640 3103 711 3172 (sic).
787 3102 961 3157 rubeliana.
1042 3103 1148 3159 edno-

135 3172 300 3226 deoatheon.
390 3178 406 3227 8
424 3171 507 3227 inbic'
522 3173 640 3228 litatem.
731 3179 747 3228 9
766 3172 896 3229 lienosos.
986 3172 1146 3242 ydropicus.

136 3248 169 3295 10
188 3241 392 3297 difficultatem.
499 3245 650 3314 crapolam.
751 3249 783 3298 11
803 3247 879 3314 poto.
982 3243 1146 3300 stomachis.

52 3368 69 3387 ,
134 3311 272 3368 aedicto.
351 3317 384 3366 25
404 3312 535 3366 arteriam
555 3314 715 3369 Carnarius.
788 3321 822 3369 26
843 3315 1010 3370 laborantes.
1080 3320 1146 3384 post

132 3382 326 3437 concoctiones
345 3383 410 3437 odd.
429 3384 562 3439 removet.
636 3389 670 3439 28
690 3384 811 3438 scoeni'
864 3385 954 3441 fiores.
1018 3389 1052 3439 29
1072 3387 1144 3440 tare·

132 3454 266 3509 hintinao.
339 3451 504 3508 sthorachio.
