2422 3878
536 133 750 197 „22-

134 316 203 358 cum
218 296 366 357 desiderio
381 297 520 375 recentis,
535 314 594 375 quo
608 295 805 375 cruciabatur,
820 303 915 357 totum
930 296 1010 377 quod
1025 298 1054 357 ei
1068 296 1148 357 obla·

134 386 226 446 latum
250 385 346 445 fuerat
369 384 524 465 ebibisset,
553 391 690 445 auctores
716 384 878 444 medicinae
902 387 1015 466 magui,
1042 387 1095 464 qui
1118 386 1149 447 id

135 473 320 554 spectabant,
350 473 601 535 exclamaverunt:
638 471 782 534 Occidisti
813 472 972 533 bominem.
1014 473 1150 535 Necdum

135 581 190 622 vox
221 581 324 623 eorum
353 562 389 623 ab
418 581 469 623 ore
501 569 688 642 manaverat,
721 580 737 622 e
772 563 896 640 vestigio
929 580 998 622 eum
1026 580 1149 623 somnus

135 653 290 731 occupavit
308 652 458 731 sudorque
476 650 616 730 perfudit.
648 649 762 722 Quibus
781 669 836 729 ego
850 650 1068 731 praesentibus,
1087 650 1174 712 cle-s

134 743 318 801 meritissime
346 743 521 820 imperator,
551 740 642 800 tantis
672 739 791 800 sudoris
819 740 883 799 eius
911 738 1148 802 abstersionibus

134 828 274 907 laboravi,
298 836 339 909 ut,
364 831 389 889 si
408 828 468 888 dici
486 829 530 888 fas
551 830 598 907 sit,
617 827 701 889 Nilus
720 847 755 888 ex
775 830 838 889 eius
853 846 980 907 corpore
994 828 1149 890 videretur

99 916 266 977 4eiiluere.
308 915 418 977 Verum
446 935 514 977 cum
543 935 631 995 aeger
664 917 890 995 expergefactus
918 925 1088 977 recreatum
1115 935 1147 978 se

135 1007 274 1065 extinctis
298 1004 432 1066 febribus
456 1015 485 1066 et
504 1004 540 1065 ab
560 1005 731 1066 infirmitate
750 1005 891 1065 leviorem
909 1023 975 1065 esse
995 1007 1148 1087 sensisset,

134 1095 247 1154 ventris
271 1095 357 1154 etiam
382 1096 480 1173 coepit
504 1093 651 1154 desiderio
676 1093 866 1154 vehementer
889 1095 1000 1172 urgeri.
1042 1093 1147 1156 Adlato
1161 1111 1185 1150 1o

134 1185 234 1262 itaque
258 1182 377 1243 vasculo
401 1201 487 1242 omne
511 1182 568 1242 alvi
590 1201 679 1263 onus,
704 1201 762 1261 quo
786 1181 975 1263 gravabatur,
1000 1185 1148 1265 exposuit,

134 1271 171 1331 ad
199 1279 258 1330 tam
282 1271 381 1332 dirum
408 1271 546 1351 fetorem,
575 1281 609 1331 ut
637 1289 739 1331 omnes
763 1272 815 1350 qui
837 1269 897 1331 illic
920 1272 1044 1332 aderant
1067 1273 1147 1352 fuga·

134 1367 248 1440 rentur,
268 1359 437 1420 dicentibus
456 1361 585 1438 egregiis
603 1359 735 1440 mediciS,
753 1359 835 1442 ,quod
855 1361 952 1421 omnia
972 1361 1037 1421 eius
1057 1362 1148 1423 inter·

134 1466 206 1508 anea
229 1450 426 1527 putruissent.
464 1448 536 1510 Post
558 1447 631 1509 haec
655 1466 672 1507 a
695 1466 742 1509 me
765 1466 854 1526 aeger
877 1449 914 1509 ad
937 1448 1058 1510 balneas
1082 1451 1148 1511 mit·

134 1539 221 1619 titur,
249 1545 283 1598 ut
316 1537 430 1598 lavacro
460 1540 525 1599 eius
554 1539 672 1598 siccitas
696 1538 853 1616 umigetur.
902 1536 960 1607 Qui
982 1547 1148 1617 perunctus
1161 1553 1184 1594 1⁶

134 1628 295 1704 unguentis
322 1625 577 1705 remediabilibus,
607 1643 675 1685 cum
707 1632 775 1704 post
805 1625 942 1686 balneum
971 1628 1148 1689 vestimenta

134 1717 311 1796 accepisset,
340 1717 424 1775 sitire
450 1733 482 1774 se
513 1714 600 1794 dixit,
629 1715 728 1773 statim
751 1732 818 1774 eum
843 1714 1004 1796 absinthio,
1032 1716 1064 1775 in
1089 1735 1148 1795 quo

134 1803 303 1884 libysticum
331 1804 429 1864 fuerat
456 1802 625 1883 decoctum,
653 1820 845 1881 progressum
871 1822 887 1863 a
910 1802 1015 1864 balneo
1038 1807 1148 1886 potavi,

134 1911 171 1952 ne
191 1892 261 1971 quid
281 1892 461 1952 causationis
479 1891 510 1950 in
530 1890 707 1968 corpusculo
727 1892 792 1951 eius
810 1900 951 1973 maneret,
971 1910 1030 1970 quo
1049 1895 1148 1954 vesica

134 1979 261 2059 scybalis
289 1979 335 2039 vel
364 1978 511 2059 lapidibus
539 1997 592 2056 per
620 1981 715 2039 vicina
742 1979 806 2040 loca
837 1979 1003 2041 meantibus
1031 1999 1147 2060 preme·
1161 1995 1185 2036 so

100 2075 228 2128 eretur.
265 2067 406 2147 Praecepi
430 2068 518 2128 etiam
542 2069 570 2127 ei
592 2086 690 2128 escam
713 2069 779 2128 fieri
803 2068 839 2129 de
863 2068 1055 2130 minutalibus
1079 2088 1147 2149 por·

135 2157 220 2237 cinis,
243 2156 272 2216 id
298 2164 343 2217 est
361 2156 524 2236 podocyliis
544 2156 770 2238 etventricu103
793 2159 824 2216 in
844 2176 932 2236 quem
947 2159 1148 2220 ventriculum

134 2255 251 2305 acetum
279 2246 458 2324 cyminatum
487 2245 603 2305 modico
634 2244 748 2305 adiecto
776 2245 870 2306 lasere
899 2247 978 2307 mitti
1001 2248 1146 2328 mandavi,

134 2341 168 2394 ut
191 2334 310 2393 omnino
335 2344 455 2394 excocta
479 2352 547 2395 caro
567 2336 656 2394 etiam
675 2352 811 2395 ossorum
831 2334 970 2395 duritiam
990 2335 1148 2418 emolliret,

135 2428 169 2481 ut
187 2421 283 2482 soluta
303 2440 407 2483 eorum
425 2422 553 2483 medulla
573 2441 640 2483 cum
659 2424 725 2482 iure
743 2424 808 2501 ipso
828 2422 1048 2485 absorberetur.
1081 2425 1147 2486 Non
1160 2437 1184 2479 tt

135 2509 257 2570 dubium
282 2519 327 2571 est
348 2519 456 2593 autem,
476 2513 586 2591 optime
605 2514 775 2591 imperator,
795 2512 874 2591 quod
894 2531 930 2572 ex
948 2512 1147 2592 indigestione

135 2605 324 2660 externarum
354 2599 658 2679 crudissimarumque
689 2598 878 2678 crapularum
909 2599 956 2660 vel
989 2603 1149 2680 superfusa

134 2687 244 2748 diversi
267 2690 418 2749 nimietate
444 2690 505 2748 vini
527 2688 649 2766 repletis
673 2696 703 2749 et
729 2707 822 2769 paene
851 2686 1036 2750 tumentibus
1064 2694 1148 2752 venis

133 2787 222 2858 potus
254 2779 286 2838 in
318 2777 484 2839 visceribus
513 2784 713 2858 amarescunt,
746 2777 880 2838 aufertur
909 2796 1044 2860 somnus,
1079 2779 1148 2841 sub·

133 2869 269 2947 sequitur
289 2867 369 2929 calor
388 2876 476 2946 atque
495 2865 678 2927 occultarum
698 2865 825 2927 febrium
844 2868 937 2944 pestis
957 2874 987 2927 et
1001 2869 1149 2946 quaedam
1162 2878 1186 2922 tt

132 2956 259 3017 frenesis
278 2957 368 3034 pulsu
387 2956 544 3017 cerebrum
563 2956 717 3036 inquietat,
737 2964 840 3015 venter
856 2954 997 3035 durescit,
1018 2958 1070 3035 qui
1089 2959 1148 3018 iam

133 3042 244 3102 dudum
276 3045 387 3105 crudus
415 3045 547 3126 repletus
576 3044 686 3124 fuerat,
716 3043 950 3104 exuberantibus
978 3043 1066 3125 cibis3
1097 3048 1149 3125 qui

134 3130 204 3189 dum
234 3143 453 3214 excoquuntur,
482 3135 666 3212 consumptis
697 3150 772 3209 quae
799 3133 899 3193 umida
927 3140 1009 3208 sunt,
1033 3133 1149 3195 inflam-

205 3287 220 3334 1
240 3283 308 3354 quo]
328 3300 391 3352 que.
457 3291 473 3339 a
492 3283 617 3354 perfodit
634 3289 691 3337 tm.
757 3291 788 3340 13
807 3284 935 3341 inierena
952 3291 1002 3340 lm
1020 3302 1035 3340 e
1055 3287 1151 3344 littera

134 3355 326 3423 superscrcbto.
401 3360 434 3408 15
452 3353 610 3424 perductus.
680 3354 869 3411 181ibestico.
937 3362 969 3411 19
988 3356 1085 3413 vesica
1099 3364 1150 3414 tm

133 3424 236 3479 vissica
254 3430 314 3480 2m.
410 3431 442 3480 21
463 3425 502 3497 ei]
538 3428 558 3481 t.
659 3432 692 3480 22
712 3426 857 3496 podocylis
947 3429 1042 3498 quem]
1063 3430 1149 3498 quod.

134 3499 168 3549 24
188 3512 312 3551 ossorum
332 3498 400 3569 (eie).
466 3497 615 3553 emolissei.
677 3503 711 3554 28
730 3515 809 3568 pene.
869 3504 903 3554 33
923 3503 1149 3567 exquoquuntur.
