2422 3878
535 127 776 191 -346-

153 293 235 371 porri
264 290 381 351 sectiles
410 291 455 351 vel
483 291 615 370 capitati,
648 291 790 370 ocimum,
819 287 996 368 feniculum,
1026 291 1175 371 satureia,

153 382 311 460 pastinaca,
331 379 447 460 cardui3
465 379 520 439 hae
539 380 604 438 esui
622 377 707 438 datae
726 379 814 437 etiam
831 395 928 438 mares
942 379 1026 438 nasci
1041 377 1174 440 faciunt.

152 470 279 528 bivero
298 471 464 528 5551555155
483 474 553 528 5551
571 465 713 545 puleium,
737 469 844 546 apium,
864 473 939 546 ruta,
961 467 1173 548 coriandrum,

152 565 261 638 menta,
284 557 406 630 lactuca,
431 557 625 635 nasturcium,
648 554 798 615 anethum.

99 657 131 706 51
240 645 284 706 td
308 647 469 706 ramicosos
493 652 522 704 et
545 643 655 723 quibus
675 651 790 704 veretra
813 652 843 704 51
864 641 996 703 155115511
1020 641 1200 706 dolebunts

152 734 311 795 medullam
330 736 413 812 panis
433 735 541 792 siccam
560 735 591 792 in
612 734 753 793 mortario
772 739 918 812 conteres,
937 731 1045 792 deinde
1066 731 1173 792 oleum

152 826 183 884 in
207 825 384 900 sartaginem
408 823 508 882 mittes
536 829 567 882 et
590 823 633 882 sic
657 820 815 882 medullam
838 821 922 899 panis
945 821 1048 881 tritam
1074 838 1173 900 super

153 911 250 971 oleum
268 913 368 970 mittes
388 918 418 970 et
434 909 586 989 paululum
600 911 692 989 friges
706 908 894 988 calidumque
909 926 1000 988 super
1014 911 1172 987 pectinem

152 999 279 1059 dolentis
303 997 442 1080 adponeS,
464 1001 539 1059 mire
564 998 729 1059 subvenies.

99 1100 132 1149 52
240 1086 349 1147 Fabam
368 1087 477 1148 fresam
496 1090 527 1147 in
546 1087 672 1148 mulsam
690 1088 796 1165 aquam
815 1084 939 1146 infunde
958 1096 987 1144 51
1003 1103 1074 1145 cum
1091 1085 1170 1147 bene
1183 1107 1208 1147 n

151 1174 368 1255 permaduerit‚
396 1184 518 1236 contere
542 1194 576 1236 ac
599 1175 669 1236 dum
693 1185 773 1235 teres
797 1177 864 1234 vino
888 1191 1012 1253 asperge
1037 1183 1068 1234 et
1094 1183 1169 1236 tam·

152 1281 240 1344 quam
263 1263 405 1342 malagma
429 1263 556 1325 calidum
580 1262 718 1325 verendis
742 1262 893 1344 adpones,
914 1264 1013 1322 statim
1038 1261 1169 1325 dolenti·

151 1353 207 1414 bus
232 1372 265 1414 ao
288 1353 473 1415 tumentibus
495 1353 643 1414 testiculis
666 1351 833 1413 medebere.

98 1455 132 1502 53
241 1441 368 1502 Verendi
391 1443 484 1503 virilis
508 1441 628 1502 clavulis
652 1448 682 1500 et
705 1439 857 1501 ulceribus
875 1439 939 1499 aloe
957 1441 1027 1500 trita
1049 1440 1171 1502 utiliter

151 1533 313 1611 inponitur,
338 1549 406 1591 cum
430 1533 513 1609 prius
536 1532 604 1589 vino
627 1529 706 1590 eluta
729 1529 841 1589 fuerint
864 1530 934 1588 vitia
958 1530 1078 1588 veretri.
1184 1548 1206 1590 n

98 1631 133 1680 54
240 1619 440 1700 Emplastrum
460 1617 561 1697 viride,
586 1617 663 1696 quod
683 1617 791 1678 medici
809 1616 931 1677 chloran
951 1616 1170 1699 appellant,·ex

152 1727 274 1769 rosaceo
302 1710 460 1768 remissum
484 1709 514 1766 in
538 1706 660 1766 linteolo
683 1708 766 1767 tenui
790 1705 907 1765 inlitum
932 1707 1058 1765 veretris
1084 1707 1169 1768 exul·

98 1809 131 1858 55
152 1800 259 1857 5555115
287 1796 401 1856 utiliter
429 1797 591 1874 inponitur.
635 1795 743 1855 Sevum
766 1794 889 1874 pecudis
913 1812 930 1853 a
952 1792 1076 1854 renibus
1103 1795 1168 1856 vnl-

151 1904 218 1946 sum
241 1884 370 1945 admixto
394 1886 521 1962 pumicis
545 1886 646 1944 cinere
670 1892 700 1944 51
724 1883 783 1943 5515
807 1883 972 1943 rectissime
992 1880 1168 1945 dolentibus

98 1986 131 2034 56
152 1982 181 2034 51
213 1972 399 2034 tumentibus
427 1975 553 2033 55551515
580 1975 743 2051 inponitur.
788 1972 990 2032 Arietinorum
1018 1970 1166 2033 vellerum
1182 1993 1206 2032 so

117 2074 119 2077 “
151 2065 226 2122 51515
255 2080 322 2123 cum
351 2079 426 2141 aqua
454 2064 565 2122 mixtus
594 2069 624 2122 et
652 2061 804 2140 adpositus
832 2058 1027 2120 incommodis
1051 2063 1168 2122 veretri

97 2161 130 2210 55
150 2158 303 2229 repugnat.
334 2149 466 2228 Ungulae
485 2149 614 2210 mulinae
634 2160 756 2210 exustae
775 2151 850 2211 cinis
869 2148 1028 2209 salubriter
1047 2150 1167 2228 insper-

150 2240 236 2316 gitur·
252 2239 331 2297 vitiis
355 2246 549 2298 veretrorum.

97 2339 130 2388 58
239 2324 441 2385 Carbunculos
464 2324 501 2384 de
520 2326 646 2384 veretris
665 2325 842 2384 exterminat
860 2325 1006 2384 muricum
1026 2324 1071 2384 vel
1090 2343 1166 2403 pur·

150 2431 291 2493 purarum
311 2415 342 2472 in
362 2411 540 2472 carbonibus
554 2420 689 2472 ustarum
704 2414 780 2472 cinis
794 2430 861 2473 curn
878 2411 964 2472 melle
979 2415 1164 2497 permixtus,
1180 2435 1206 2476 aa

149 2503 227 2564 idem
256 2509 408 2582 praestant
435 2501 579 2579 singulari
606 2501 738 2562 efficacia
766 2499 942 2563 salsamenta
969 2501 1100 2562 discocta
1134 2514 1167 2565 51

150 2611 218 2653 cum
241 2591 327 2652 melle
351 2593 496 2671 permixta
519 2593 648 2670 tritaque
672 2589 814 2669 adposita.

97 2695 131 2743 55
239 2682 389 2742 Permixto
413 2679 542 2741 alumine
565 2689 595 2741 et
618 2698 716 2759 myrra
739 2680 777 2740 sel
799 2679 946 2758 bubulum¹
964 2678 999 2738 ad
1020 2681 1165 2741 crassitu-

150 2772 248 2831 dinem
272 2770 368 2830 mellis
392 2770 548 2831 subactum
572 2778 602 2830 et
624 2768 742 2829 inlitum
766 2787 812 2850 ea,
841 2785 916 2846 quae
944 2769 1070 2827 veretris
1099 2786 1165 2829 ser·

148 2868 232 2940 punt,
251 2862 326 2920 mira
344 2856 502 2920 5515511515
515 2865 666 2939 persanat3
686 2877 775 2937 supra
795 2859 884 2918 etiam
903 2855 970 2916 beta
990 2858 1056 2916 vino
1076 2867 1164 2919 cocta
1178 2879 1206 2919 eo

149 2958 231 3010 recte
254 2950 415 3028 inponitur.

95 3051 129 3098 55
239 3038 362 3118 Cocleis,
386 3055 461 3116 quae
481 3034 578 3096 nudae
596 3036 798 3108 inveniuntur,
818 3034 946 3095 adicitur
965 3031 1074 3112 aliquid
1095 3037 1164 3096 triti

149 3130 225 3185 turis
254 3136 283 3186 51
311 3126 370 3187 albi
398 3143 521 3186 ovorum
549 3131 637 3203 atque
665 3122 735 3183 inde
758 3122 858 3183 ulcera
880 3122 1090 3184 testiculorum
1113 3132 1163 3184 tu-

149 3217 258 3273 mentia
278 3223 308 3273 et
326 3212 502 3292 hydrocelae
521 3229 682 3291 puerorum
703 3213 763 3271 sive
781 3213 908 3272 ramices
923 3210 1162 3294 superlinuntur,

240 3354 253 3399 1
273 3347 452 3402 foeniculum.
543 3353 559 3400 2
579 3346 735 3416 partinago.
822 3345 903 3398 55551.
990 3351 1006 3397 3
1026 3346 1161 3414 poleium.

149 3421 183 3487 14
203 3418 329 3472 verende.
412 3423 445 3471 22
465 3416 597 3489 murinae.
679 3421 714 3469 21
731 3430 924 3484 purporarum.
1012 3421 1046 3470 28
1066 3417 1161 3475 mirra.

159 3487 263 3545 tubulo.
337 3495 370 3544 31
389 3487 546 3558 inponetur.
618 3492 654 3540 34
671 3486 816 3541 idroceles.
