2422 3878
524 161 742 226 ..38-

71 324 230 385 lotlaciat:
249 326 326 383 intra
348 324 426 384 diem
445 326 638 384 vicensimum
658 322 836 403 personabit.
872 322 1027 384 Brassicae
1047 342 1138 385 sucus

122 411 246 473 naribus
274 412 391 472 inlusus
419 415 515 491 capite
538 421 663 491 purgato
687 411 819 473 dolorem
844 430 963 491 quoque
987 414 1053 474 eius
1077 413 1138 474 eill-

70 502 239 563 1050aciter
262 501 372 562 adimit.
409 499 502 561 Radix
526 502 662 581 pyrethri
684 503 714 562 in
738 500 799 561 sole
823 501 874 561 diu
895 501 1139 564 commanducata

70 592 214 652 looetiam
243 591 380 670 pituitam
410 588 538 668 expellit.
585 588 673 650 lliera
702 589 795 650 maior
826 590 937 651 iaciens
968 590 1003 650 ad
1032 593 1138 670 capitis

120 681 245 739 nimium
277 686 308 739 et
340 686 469 739 veterem
503 677 635 738 dolorem
663 686 693 738 et
722 678 757 738 ad
787 676 954 757 phlegmata
982 681 1080 758 spissa
1108 687 1161 741 cta

120 770 282 828 constricta
314 766 437 827 laxanda
468 774 498 826 et
525 767 710 846 provocanda
739 785 774 826 ex
803 767 896 827 calida
924 785 999 845 aqua
1028 769 1138 829 ieiunis

120 856 195 938 data,
219 856 254 916 ad
279 855 452 934 spleniticos
475 874 511 915 ex
535 874 633 935 posca,
657 855 693 915 ad
718 857 849 934 epaticos
871 874 907 916 er
926 855 1137 936 vinoGraeco‚

119 945 156 1006 ad
176 947 363 1006 accessiones
381 943 544 1004 cotidianas
563 952 630 1005 aute
650 946 849 1023 suspicionem
869 945 957 1005 datur
976 963 1013 1004 ex
1031 948 1136 1027 muria,

119 1036 187 1113 quia
216 1043 246 1094 et
274 1041 406 1093 ventrem
429 1041 589 1114 temperat3
616 1035 742 1093 maxime
765 1033 890 1112 prodest
912 1035 1002 1094 etiam
1026 1033 1136 1094 melan·

119 1121 242 1183 cholicis
266 1131 295 1182 et
319 1123 532 1201 scotomaticis‚
561 1121 667 1181 danda
684 1129 782 1182 autem
811 1121 949 1182 omnibus
972 1123 1082 1183 ieiunis
1106 1130 1171 1184 etro

118 1210 195 1270 hene
219 1211 341 1289 digestis
366 1210 401 1270 ad
426 1211 546 1270 modum
570 1212 655 1272 nucis
679 1209 840 1290 avellanae3
864 1228 940 1289 quae
963 1219 1082 1273 constat
1100 1230 1135 1272 ex

118 1297 275 1378 speciebus
298 1299 357 1360 his:
387 1298 568 1359 Stoechados
587 1332 626 1342 —
644 1299 657 1359 l
678 1291 716 1384 19·
732 1298 792 1377 Vll,
815 1301 925 1377 agarici
944 1298 1013 1358 -1
1034 1293 1135 1386 illl,

119 1387 349 1467 colocynthidos,
373 1387 402 1448 id
422 1396 469 1448 est
486 1387 669 1468 cucurbitae,
692 1386 772 1466 quod
791 1387 880 1447 habet
900 1389 1029 1448 interius
1048 1388 1135 1450 molle

118 1478 197 1536 inter
214 1479 325 1537 semina
345 1477 488 1537 siccatum
506 1476 578 1536 -Ι
598 1469 637 1562 ῼι
653 1475 698 1557 vi,
722 1478 899 1554 opopanacis
919 1469 1035 1562 MV,
1055 1495 1135 1555 saga-

118 1568 185 1644 peni
203 1558 241 1651 19·
257 1565 315 1647 XV,
334 1566 507 1644 petroselini
523 1558 561 1651 19·
577 1564 636 1645 XV,
655 1565 840 1626 aristolociae
854 1565 999 1625 rotundae
1020 1558 1060 1651 pl«
1075 1564 1135 1646 XV,
1148 1579 1170 1622 o

118 1655 230 1732 piperis
254 1653 312 1714 albi
337 1646 455 1739 dlxv,
479 1656 666 1734 cinnamomi,
690 1655 788 1732 spicae
811 1653 909 1734 nardi,
933 1671 1050 1733 myrrae
1074 1662 1134 1715 tro·

118 1741 257 1825 glodytis‚
286 1741 362 1822 lolii,
391 1744 472 1802 croci
499 1743 603 1802 uncias
631 1741 774 1823 singulas,
802 1741 897 1802 mellis
925 1760 996 1802 vero
1029 1743 1135 1821 optimi

117 1830 284 1909 despumati
312 1837 426 1891 tantum
454 1832 568 1910 mittes,
596 1839 741 1909 quantum
768 1831 896 1891 sufficiat
923 1829 1040 1909 pulveri
1069 1849 1133 1910 spe·

117 1921 230 1980 cierum
255 1937 345 1997 supra
368 1920 546 1997 scriptarum
570 1919 735 1997 colligendo
759 1919 794 1979 ad
819 1918 1044 1998 spissitudinem
1064 1938 1132 1980 con·

117 2015 286 2086 gruentem‚
310 2007 416 2068 deinde
441 2007 609 2068 coniectum
633 2007 815 2068 medicamen
839 2009 870 2068 in
893 2008 1013 2068 vasculo
1038 2011 1168 2069 vitreoro

66 2105 176 2157 lerant
203 2095 288 2156 fictili
315 2095 370 2156 sub
399 2096 550 2174 signaculo
579 2104 748 2175 reponatur.
796 2096 938 2174 Cupressi
963 2098 1134 2157 tenuissimi

65 2184 224 2246 108radice
244 2193 334 2262 caput
352 2194 524 2245 coronatum
544 2184 676 2245 dolorem
695 2184 779 2245 brevi
799 2187 892 2263 ponit.
925 2183 1011 2245 Pulei
1028 2185 1133 2246 florem

118 2273 285 2351 destringes
309 2281 339 2333 et
361 2281 441 2334 teres
464 2293 498 2334 ex
523 2277 599 2335 aceti
623 2274 736 2353 cyathis
759 2272 889 2351 duobus,
913 2272 1024 2334 adicies
1048 2281 1132 2334 rutae

116 2362 292 2422 tantundem
316 2372 458 2440 quantum
482 2362 562 2442 pulei
585 2371 615 2423 et
639 2380 727 2423 unam
751 2380 854 2440 cepam
880 2371 910 2422 et
933 2361 1004 2422 salis
1021 2361 1132 2422 bolum.

118 2450 192 2511 Cum
209 2453 306 2510 omnia
321 2453 392 2511 trita
406 2461 502 2532 erunt,
518 2451 627 2512 adicies
642 2451 699 2511 olei
713 2450 784 2510 boui
799 2450 936 2529 cyathum
952 2458 982 2510 et
999 2453 1132 2512 tenuiter
1144 2463 1167 2506 u

117 2539 287 2618 subcoques
311 2558 343 2600 ac
367 2539 442 2600 bene
466 2538 660 2619 permiscebis
679 2547 767 2618 atque
786 2539 929 2600 adversus
948 2539 1023 2618 pilos
1044 2549 1133 2619 caput

117 2646 153 2688 ex
177 2647 212 2688 eo
236 2627 393 2706 diligenter
416 2646 575 2706 perunges.

529 2775 531 2778 ’
556 2785 635 2847 CAP.
654 2785 687 2846 ll.

114 2883 169 2938 Ad
203 2896 321 2938 omnes
349 2882 486 2938 dolores
513 2879 686 2936 emicranii
712 2883 747 2936 et
774 2879 973 2936 eteroorenii
1000 2881 1134 2958 subitos

516 2972 551 3025 ot
573 2969 733 3026 diutinos.

81 3081 95 3128 1
205 3067 359 3129 Hircinum
382 3072 484 3131 fimum
508 3072 614 3131 tritum
637 3088 706 3130 cum
728 3078 812 3130 aceto
834 3068 969 3130 scillitioo
989 3071 1085 3132 misce
1104 3079 1136 3132 et

116 3155 207 3215 ironti
238 3164 269 3216 et
300 3158 485 3236 temporibus
517 3158 621 3238 inline3
653 3158 710 3218 hoc
743 3159 778 3219 ad
812 3159 944 3219 dolorem
977 3160 1135 3222 emicranii

187 3306 289 3364 diere.
362 3309 569 3378 dphleumata.
636 3309 747 3383 irino]
766 3311 840 3366 feno.
899 3317 931 3365 12
951 3313 1137 3386 stoechades]

131 3379 254 3434 treados.
326 3379 484 3447 eupolum.
558 3384 591 3434 26
612 3381 795 3449 subquoquee.

187 3447 335 3518 emigranii
408 3449 572 3520 eerogronii.

188 3523 221 3573 2⁷
242 3520 433 3577 scillitiasimo.
507 3528 541 3577 28
561 3520 716 3592 emigranii,
736 3524 799 3579 item
818 3529 861 3590 39,
884 3530 906 3578 1.
