2422 3878
549 95 785 158 -162-

159 266 264 335 genter
292 258 323 316 in
348 274 416 316 vaso
439 259 534 316 vitreo
558 274 686 336 repones
709 264 798 335 atque
822 275 858 316 ex
881 274 919 317 eo
943 259 1069 317 ieiunus
1092 264 1164 317 terna

160 345 304 406 coclearia
332 345 454 405 cottidie
483 363 596 424 sumes3
625 363 717 423 aeque
746 345 868 422 prodest
896 344 1048 406 marrubii
1073 345 1164 416 viridis

160 452 250 493 sucus
280 452 347 494 curn
381 433 477 494 meilis
505 433 671 512 despumati
700 435 765 512 pari
795 451 936 494 mensura
968 434 1165 495 decoctuset

160 523 294 582 cocleare
318 522 405 600 pleno
430 540 515 581 mane
539 528 676 601 sumptus
699 530 730 581 et
753 540 882 600 vespere.

105 624 139 671 42
247 610 346 670 Herba
374 612 536 687 argimonia
564 612 691 671 contrita
719 617 749 670 et
781 628 817 669 ex
849 612 918 670 vino
950 619 1057 671 vetere
1086 610 1181 671 dilutas

159 702 244 778 potui
267 699 334 759 data
357 700 444 757 unice
468 697 665 758 tussientibus
688 698 819 780 prodest,
842 706 951 778 tamen
974 706 1011 760 ut
1033 700 1107 781 dixi,
1126 700 1166 777 qui

106 802 139 848 43
159 786 368 847 remediandos
392 793 438 845 est
460 787 578 846 ieiunus
603 789 736 865 accipiat.
776 786 866 847 Betae
889 786 974 847 radix
997 790 1105 866 pipere
1127 787 1166 848 ad·

159 879 236 935 iecto
260 876 435 954 conteritur,
459 893 495 934 ex
519 893 553 934 eo
577 875 613 935 ad
637 878 750 954 piperis
772 875 1009 954 magnitudinem
1028 878 1166 954 catapotia

159 964 242 1043 fiunt,
261 962 329 1022 iude
344 963 413 1022 bina
431 965 531 1023 ieiuno
551 964 618 1023 data
638 964 826 1046 devorantur,
845 964 939 1024 donec
955 966 1054 1024 tussis
1072 967 1166 1025 vitium
1207 966 1209 1025 ἶ

105 1066 141 1112 44
160 1058 362 1112 consenescat.
403 1050 499 1111 Fabae
528 1051 638 1111 solidae
664 1070 788 1131 granum
812 1052 944 1113 infusum
967 1053 1001 1113 in
1025 1071 1105 1132 aqua
1126 1052 1192 1113 adn

160 1158 254 1218 eoque
283 1139 431 1219 inflatum,
460 1148 495 1200 ut
521 1140 588 1218 pius
616 1142 730 1201 umoris
757 1147 885 1219 nequeat
908 1140 1046 1220 haurire,
1077 1140 1166 1202 subito

106 1241 140 1289 45
160 1228 334 1288 devoratum
362 1237 476 1289 tussem
506 1231 580 1288 mire
611 1229 695 1290 toltit.
741 1229 859 1290 Lotium
890 1229 1058 1290 humanum
1092 1238 1166 1291 vetus

160 1317 275 1377 adiecto
299 1336 396 1397 croco,
422 1325 454 1377 ut
477 1318 551 1378 odor
574 1320 638 1378 eius
662 1317 824 1397 occulatur,
848 1317 1027 1379 exhaustum
1058 1327 1167 1379 veteres

107 1420 140 1468 46
161 1413 259 1466 tusses
283 1414 312 1465 et
336 1425 400 1486 eos,
429 1408 481 1484 qui
508 1425 607 1467 crassa
631 1408 738 1484 pituita
763 1413 918 1486 vexantur,
946 1406 1098 1470 emendat.
1143 1405 1167 1466 Si

160 1497 209 1555 cui
232 1494 321 1555 saliva
344 1495 481 1555 resiliens
505 1502 619 1555 tussem
641 1496 779 1575 moverit,
807 1494 913 1573 aliquis
937 1496 965 1555 ei
988 1496 1022 1555 in
1045 1496 1193 1556 irontenu

106 1598 140 1646 47
160 1583 268 1663 sufflet,
288 1586 387 1644 statim
406 1583 524 1643 desinit.
552 1582 595 1643 Ex
615 1601 669 1643 oro
689 1583 764 1644 duro
783 1585 909 1644 interius
929 1583 1011 1662 quod
1026 1593 1167 1664 estpasso

159 1673 295 1732 intritum
324 1671 448 1732 adiectis
476 1689 569 1750 aquae
597 1670 708 1732 calidae
736 1671 849 1752 cyathis
877 1671 994 1732 duobus
1025 1675 1066 1752 si,
1096 1681 1167 1733 ante·

160 1778 247 1838 quam
271 1758 405 1820 cubitum
429 1778 492 1841 eas,
520 1759 644 1839 biberis,
675 1762 852 1838 quietiorem
880 1778 895 1820 a
923 1761 1002 1819 tussi
1031 1764 1168 1822 maiorem

157 1857 273 1925 partem
302 1850 399 1908 noctis
426 1847 549 1908 habebis
577 1856 608 1907 et
635 1850 700 1908 eius
728 1851 857 1927 potionis
882 1846 1064 1909 adsiduitate
1094 1867 1167 1908 sana·

106 1948 140 1996 48
159 1935 239 1996 bere.
272 1936 351 1996 Faba
370 1937 448 1996 fresa
467 1936 673 2016 tussientibus
691 1939 722 1997 in
743 1956 800 2016 qua
818 1936 915 1997 alcum
934 1943 1055 1997 coctum
1076 1937 1194 2016 fueriti·

158 2027 284 2084 maxime
313 2025 438 2102 prodest
465 2025 511 2084 vei
538 2043 573 2084 ex
602 2025 688 2085 melle
716 2028 746 2086 in
775 2025 841 2086 cibo
869 2031 987 2103 sumpta
1012 2025 1168 2086 efficaciter

158 2112 323 2171 remedium
348 2123 487 2192 praestat,
511 2114 563 2173 sed
588 2122 618 2174 et
635 2114 811 2192 purulentas
829 2115 1034 2173 excreationes
1053 2114 1170 2174 cohibet

106 2211 140 2260 49
161 2207 191 2257 et
214 2208 306 2259 sanat.
348 2200 438 2260 Ficus
462 2205 557 2262 siccae
584 2211 645 2262 tres
669 2221 737 2263 cum
760 2203 865 2281 hysopi
888 2201 1005 2261 modico
1030 2211 1060 2262 et
1084 2221 1169 2281 parvo

158 2294 243 2345 rutae
263 2286 418 2348 fasciculo
430 2300 460 2348 et
478 2293 629 2367 quartario
649 2291 834 2368 faenograeci
852 2291 970 2368 purgati
988 2308 1060 2350 cum
1080 2309 1169 2370 aquae

159 2375 269 2434 nitidae
300 2378 428 2435 sextario
458 2395 606 2456 propenso
636 2381 668 2438 in
698 2378 755 2439 olla
784 2379 852 2439 rudi
879 2378 915 2438 ad
943 2378 1058 2439 medias
1088 2379 1197 2440 decoro

159 2472 294 2540 quuntur
317 2473 347 2524 et
370 2464 513 2546 colantur,
536 2467 605 2526 inde
629 2476 692 2527 tres
710 2469 846 2546 potiones
867 2485 921 2546 per
939 2466 1076 2528 triduum
1097 2470 1169 2529 tussi

104 2561 138 2611 50
157 2553 248 2611 nimia
271 2551 474 2614 laborantibus
498 2555 619 2635 dantur,
642 2558 751 2617 mirum
774 2556 938 2616 remedium
962 2562 1017 2615 est.
1061 2556 1168 2618 Serum

158 2642 257 2700 ovium
281 2641 437 2701 decoctum
466 2652 496 2703 et
519 2662 587 2703 cum
610 2645 677 2702 vino
701 2653 820 2704 austero
844 2643 984 2724 depotum
1008 2648 1089 2706 tussi
1113 2663 1168 2706 me·

103 2739 135 2788 51
156 2729 252 2789 detur.
289 2729 454 2791 Sandaraca
475 2749 592 2810 quoque
617 2750 684 2792 cum
708 2733 807 2791 resina
830 2730 1032 2792 terebinthina
1055 2751 1093 2793 ex
1118 2753 1167 2794 ovo

103 2828 136 2876 52
156 2817 261 2880 sorbili
281 2828 398 2898 sumpta
413 2827 526 2880 tussem
542 2820 693 2880 remediat.
724 2817 895 2880 Vettonicae
909 2818 1028 2898 pollinis
1048 2819 1131 2900 drag.
1144 2821 1197 2882 liu

155 2909 186 2966 in
210 2910 290 2986 passi
314 2908 425 2969 Cretici
448 2907 561 2987 cyathis
584 2907 701 2969 duobus
723 2910 870 2987 permixta
895 2925 971 2987 aqua
995 2907 1090 2970 calida
1114 2911 1168 2971 uti·

155 2993 224 3055 liter
248 2996 405 3057 adversum
428 3004 541 3057 tussem
564 2996 716 3058 bibuntur.

103 3091 137 3140 53
246 3081 379 3144 Palmare
402 3086 568 3145 remedium
592 3086 627 3145 ad
646 3095 760 3147 tussem
779 3088 838 3146 sic:
861 3085 995 3147 Feniculi
1014 3089 1088 3148 sicci
1107 3090 1167 3149 triti

157 3162 195 3253 β
225 3168 316 3250 111111,
345 3172 445 3231 anethi
472 3174 608 3234 similiter
638 3168 676 3259 β
705 3174 798 3250 111111,
826 3176 887 3252 opii
914 3173 1039 3253 Hispani
1067 3169 1109 3262 9·
1134 3176 1166 3237 11.

246 3379 276 3428 11
299 3374 432 3429 humoris.
507 3381 538 3430 13
558 3379 712 3433 exaustum.
772 3386 807 3434 24
825 3379 994 3450 fenugraeci.
1050 3387 1084 3436 25
1103 3398 1163 3451 pro·

154 3462 257 3515 pensae
278 3445 437 3502 Carnarius.
489 3452 522 3501 29
541 3449 723 3505 terebentine.
778 3457 810 3506 31
830 3451 986 3520 permixtae
1006 3451 1162 3509 Omucriuo.
