2422 3878
513 137 550 147 —
599 100 753 166 250-

129 262 218 322 simili
236 263 365 323 efficacia
384 265 488 342 prosit,
508 264 667 324 dummodo
686 264 869 324 medicamen
885 265 1010 342 septima
1026 264 1145 326 decima

128 351 196 412 luna
221 363 427 432 componatur3
451 371 487 412 ex
511 371 545 412 eo
570 371 640 431 ergo
664 353 733 412 fimo
758 360 900 431 quantum
924 354 1015 412 unius
1035 372 1145 415 manus

126 457 226 517 pugno
250 441 337 519 pleno
360 444 494 519 potueris
518 440 784 519 comprehendere,
808 441 965 500 dummodo
990 443 1083 519 inpar
1108 445 1146 504 sit

127 546 271 589 numerus
285 529 452 609 pilularum,
472 532 502 589 in
522 531 696 590 mortarium
713 531 814 590 mittes
829 537 917 607 atque
932 528 1045 590 adicies
1062 533 1146 610 pipe-

127 619 169 676 ris
188 636 277 696 grana
294 617 371 676 XXV
390 617 615 696 diligentissime
630 621 707 697 trita,
727 625 799 678 tunc
814 617 904 677 addes
919 616 1015 677 mellis
1036 622 1167 698 optimis

126 705 273 766 heminam
297 714 327 766 et
350 707 411 765 vini
434 708 585 767 veterrimi
608 708 712 785 optimi
735 703 767 765 θ
786 705 813 765 ll
841 716 871 766 et
893 707 1032 766 contritis
1057 711 1144 787 prius

127 793 228 871 pilulis
251 796 389 853 universa
413 793 553 855 miscebis
577 803 607 855 et
630 812 757 874 repones
780 797 811 854 in
835 793 953 854 vasculo
977 797 1087 876 vitreo,
1113 806 1145 858 ut

129 900 197 940 cum
226 882 316 941 frrerit
344 900 418 959 opus
446 892 582 961 paratum
606 883 714 944 babeas
737 883 985 944 medicamentum
1011 882 1046 944 ad
1074 886 1144 945 sub-

127 970 317 1050 veniendum;
345 971 396 1031 sed
426 980 460 1031 ut
486 973 580 1031 maior
608 975 647 1032 sit
671 972 873 1032 medicaminis
896 971 1041 1051 ellicaoia,
1071 973 1142 1034 luna

127 1060 250 1135 septima
275 1058 387 1119 decima
411 1059 482 1120 illud
506 1061 602 1120 lacere
622 1059 746 1121 debebis
765 1069 882 1120 etcum
901 1060 1025 1120 daturus
1044 1061 1142 1122 fueris
1156 1077 1178 1116 n

126 1146 300 1228 remedium,
324 1167 338 1207 a
361 1147 407 1207 die
427 1148 504 1208 lovis
523 1151 621 1228 incipe
641 1157 671 1209 et
689 1166 744 1227 per
762 1148 826 1208 dies
845 1156 959 1226 septem
979 1150 1138 1209 continuos

126 1233 202 1313 dato,
226 1236 265 1294 ita
290 1244 322 1295 ut
347 1238 398 1315 qui
422 1237 630 1297 remediandns
654 1246 700 1297 est
723 1245 804 1297 stans
825 1239 856 1296 in
880 1236 1009 1297 scabello
1033 1246 1138 1298 contra

127 1324 270 1382 orientem
295 1323 384 1384 bibat.
427 1325 507 1396 Quae
531 1328 620 1405 potio,
645 1327 671 1384 si
694 1328 742 1406 ita,
766 1333 800 1385 ut
823 1327 968 1403 scriptum
991 1333 1047 1406 est,
1071 1326 1139 1387 data

126 1419 155 1470 et
179 1411 332 1473 observata
356 1415 454 1493 fuerit,
478 1417 565 1474 etiam
589 1417 615 1473 si
638 1413 776 1476 omnibus
800 1413 933 1475 articulis
952 1422 982 1474 et
1001 1432 1075 1476 coxa
1095 1418 1138 1476 in·

125 1500 228 1560 firmus
243 1511 473 1581 contractusque
488 1503 578 1562 luerit
592 1513 622 1562 et
636 1501 785 1562 inmobilis
800 1521 833 1563 ac
848 1503 1024 1581 desperatus
1039 1505 1137 1564 iacue·
1152 1516 1173 1557 1⁶

125 1591 172 1668 rit,
196 1608 319 1649 necesse
343 1600 397 1670 est,
420 1598 454 1650 ut
477 1593 601 1669 septima
626 1590 673 1650 die
697 1590 835 1651 ambulet.

71 1684 105 1732 22
214 1677 340 1738 Sciatico
360 1679 523 1739 remedium
540 1679 778 1739 efficacissimum
794 1681 850 1739 sic:
869 1679 1003 1739 Castorei
1017 1697 1136 1739 semun-

125 1766 208 1846 ciam,
231 1767 373 1846 pyrethri,
398 1769 478 1847 nitri,
502 1767 626 1846 eulorbi‚
650 1768 771 1828 adarces
795 1770 899 1827 uncias
918 1766 1056 1846 singulas,
1075 1766 1136 1827 olei

126 1857 241 1932 cyprini
259 1853 377 1936 libram3
401 1873 476 1934 quae
495 1856 646 1917 tundenda
666 1865 754 1916 erunt
773 1858 881 1916 siccata
900 1856 1009 1916 tundes
1029 1864 1059 1915 et
1077 1858 1136 1916 cri-

123 1941 223 2002 brabis
248 1946 343 2003 etsie
367 1944 432 2004 oleo
456 1947 578 2024 cyprino
601 1943 741 2005 miscebis
765 1952 793 2004 et
818 1944 966 2022 decoques
989 1952 1078 2023 atque
1100 1961 1136 2005 eo
1151 1959 1176 1999 ro

124 2031 319 2092 medicamine
343 2035 386 2093 sic
409 2035 513 2113 uteris,
537 2043 571 2094 ut
594 2036 747 2094 sciaticum
771 2035 916 2093 iacentem
940 2035 971 2091 in
991 2032 1053 2092 sole
1073 2033 1139 2094 diu·

125 2120 238 2178 tissime
262 2122 407 2197 perfrices
429 2124 461 2181 in
485 2140 565 2201 coxa,
589 2140 678 2200 quam
702 2122 791 2199 dolet,
815 2121 921 2181 deinde
941 2121 977 2180 ad
996 2120 1139 2182 balneum

125 2204 215 2263 ducas
240 2217 269 2265 et
292 2226 359 2267 cum
384 2209 542 2289 sudaverit,
566 2209 732 2270 diutissime
757 2209 906 2288 conpellas
930 2211 961 2270 in
980 2216 1060 2271 tosta
1079 2210 1137 2271 cal·

124 2291 203 2351 daria
228 2298 412 2355 commorari.

69 2387 103 2436 23
212 2381 255 2440 Ad
285 2400 424 2444 coxarum
454 2391 484 2443 et
510 2383 679 2445 lumborum
708 2386 826 2447 dolores
853 2385 945 2447 herba
969 2385 1137 2466 chamaepi·
1152 2400 1176 2441 2⁵

69 2477 100 2524 24
123 2478 168 2548 tys
192 2472 318 2530 contrita
343 2490 377 2531 ex
401 2474 468 2531 vino
488 2475 571 2552 potui
590 2473 657 2534 data
675 2474 837 2552 plurimum
857 2475 987 2553 prodest.
1022 2474 1138 2537 Cucur-

122 2558 200 2618 bitae
225 2562 337 2621 semine
361 2564 489 2622 contrito
513 2563 544 2621 in
567 2562 694 2623 ficulneo
720 2563 839 2624 vasculo
867 2564 981 2623 adiecto
1010 2562 1076 2624 oleo
1106 2575 1137 2626 et

122 2657 205 2709 aceto
235 2668 325 2711 coxae
353 2659 383 2711 et
410 2650 502 2711 lumbi
530 2652 682 2730 perfricati
710 2659 849 2731 potenter
877 2659 1028 2733 sanantur,
1056 2655 1137 2715 sicut

122 2742 324 2817 experimenta
348 2740 523 2801 docuerunt.

69 2832 103 2882 25
212 2829 341 2908 Serpulli
359 2828 434 2890 aridi
450 2830 568 2889 contusi
588 2837 618 2889 et
636 2831 667 2889 in
685 2828 837 2908 pulverem
857 2829 970 2889 redacti
984 2829 1136 2908 scripulos
1150 2842 1174 2882 ³⁰

121 2925 183 2977 tres
203 2918 317 2979 adiecto
337 2918 453 2979 modico
474 2918 558 2978 melle
576 2920 724 2997 permisce
746 2926 776 2978 et
799 2935 834 2977 ex
858 2936 893 2978 eo
917 2926 978 2978 tres
997 2916 1136 2995 globulos

121 3005 237 3081 aequali
255 3008 388 3085 pondere
406 3007 495 3067 facito
514 3015 603 3086 atque
623 3026 658 3067 ex
672 3007 719 3067 bis
735 3005 867 3084 singulos
882 3024 949 3066 cum
964 3004 1054 3066 mulsi
1069 3025 1136 3086 cya-

122 3091 181 3149 tbis
204 3096 359 3171 tepefactis
382 3095 460 3155 binis
478 3097 578 3155 ieiuno
596 3114 650 3175 per
669 3095 803 3155 triduum
821 3094 898 3175 dato,
917 3092 1136 3156 incredibiliter

121 3175 291 3240 lumborum
310 3182 405 3242 dolori
424 3183 595 3263 medebere3
615 3183 694 3261 quod
714 3184 740 3242 si
757 3183 807 3243 illo
825 3183 925 3243 triduo
939 3200 998 3242 non
1013 3185 1136 3262 penitus

123 3266 174 3342 qui
193 3265 306 3329 laborat
320 3270 411 3330 luerit
425 3269 587 3350 absolutus,
606 3272 714 3331 iterum
729 3289 784 3349 per
798 3270 877 3332 aliud
893 3271 1025 3332 triduum
1040 3270 1134 3333 dabis.
1149 3283 1174 3325 ³⁵

211 3459 244 3508 18
263 3453 390 3524 pirethri.
462 3455 541 3512 niori.
614 3463 650 3512 30
669 3456 812 3528 scripolos.
886 3465 919 3514 at
939 3458 1077 3529 globolos.
