2422 3878
541 133 694 200 -256
743 169 782 182 —

105 311 138 361 13
245 299 288 359 Ad
317 301 434 359 renium
463 297 594 358 dolorem
623 298 769 358 confectio
796 298 1000 358 medicaminis
1025 302 1082 361 sio:
1116 302 1175 362 Re·

156 388 237 447 sinae
262 387 425 448 coloioniae
444 420 488 429 —
502 385 523 466 l,
547 385 664 465 galbani
686 419 723 428 —
740 385 761 464 l,
785 389 963 464 opopanacis
986 420 1024 430 —
1042 387 1065 467 l,
1085 407 1175 452 cerae

156 508 199 518 —
224 474 274 555 Vl,
303 479 365 537 sevi
391 502 429 518 -·
455 474 506 554 Vl,
534 476 678 552 axungiae
706 476 815 534 veteris
839 474 870 534 P.
890 473 916 554 l,
944 483 1029 536 rutae
1057 510 1096 520 -
1124 477 1175 559 lll,

157 563 246 624 bacae
260 564 337 626 lauri
354 599 390 607 —
408 563 457 642 lll,
475 562 585 623 herbae
601 561 726 622 Sabinae
743 595 781 603 -
798 562 847 643 lll,
864 562 920 623 olei
936 574 1081 642 quantum
1097 585 1175 646 opus

157 654 256 734 luerit,
280 655 402 713 seminis
421 653 535 712 urticae
552 683 594 694 —
610 650 658 711 lll.
695 650 754 711 lsta
773 653 871 710 omnia
890 652 979 712 simul
998 663 1200 733 coquunturs

157 749 187 802 et
211 742 346 803 colantur
366 749 396 800 et
414 742 494 800 circa
513 758 601 800 renes
619 741 651 799 in
670 738 807 817 pellicula
826 739 951 800 alutaoia
969 741 1174 820 adponuntur.

106 841 139 890 14
246 829 289 889 hd
309 831 412 890 urinae
432 827 635 889 difficultatem
657 830 772 888 murino
788 828 856 888 limo
872 831 1072 891 summitatem
1088 851 1173 894 1111-

157 918 197 976 111
220 917 266 977 111
289 919 382 978 imum
406 927 539 978 ventrem
563 917 648 976 inlini
670 915 800 995 prodest.

105 1018 138 1066 11
246 1006 288 1065 Ad
319 1005 464 1067 calculum
491 1006 730 1085 expertissimum
754 1004 919 1065 remedium
943 1007 998 1066 sic:
1024 1005 1174 1088 Asparagi

156 1093 272 1154 radices
296 1103 326 1154 et
350 1095 539 1172 saxilragam,
562 1093 665 1173 lappae
689 1093 832 1173 radicem,
856 1095 916 1171 apii
938 1093 1059 1174 radices,
1084 1096 1170 1156 ebuli
1189 1117 1209 1155 11

157 1180 281 1262 radiceS,
305 1183 355 1243 alii
378 1186 474 1261 capita
493 1184 558 1262 tria,
582 1182 649 1242 lolia
672 1181 778 1260 salicis,
801 1181 968 1259 petrosilini
986 1181 1169 1244 Macedonici

156 1271 315 1331 modicum.
356 1271 436 1332 Haec
464 1273 562 1331 omnia
590 1279 726 1331 conteres
752 1277 782 1330 et
806 1270 944 1330 miscebis
969 1280 999 1330 et
1021 1289 1058 1331 ex
1079 1289 1170 1350 passo

156 1358 284 1420 bibenda
303 1378 357 1438 per
376 1359 509 1420 triduum
528 1358 625 1440 dabis,
648 1360 675 1418 si
693 1376 812 1437 passum
828 1377 888 1418 non
903 1360 1001 1438 luerit,
1021 1378 1058 1420 ex
1074 1359 1170 1420 mulso

156 1447 202 1507 rel
223 1449 341 1509 condito
357 1448 447 1529 bibat,
467 1448 518 1508 sed
534 1450 560 1508 si
575 1466 634 1507 non
648 1445 837 1526 febricitabit,
857 1449 906 1506 cui
920 1447 1100 1518 medendum
1117 1459 1170 1508 cst.

106 1541 137 1596 16
246 1537 289 1596 Ad
314 1537 459 1598 calculum
488 1544 518 1595 et
546 1537 648 1596 urinae
677 1535 880 1595 difficultatem
904 1536 1087 1614 pastinacae,
1112 1537 1169 1597 hoc
1187 1554 1207 1594 n

156 1634 202 1684 est
220 1625 331 1685 holeris
352 1625 430 1704 quod
450 1624 646 1684 manducatur
670 1626 878 1703 summitatem,
901 1623 932 1683 id
956 1631 1002 1684 est
1026 1628 1170 1685 corticem

157 1716 230 1792 eius,
255 1722 334 1773 teres
359 1723 388 1773 et
412 1715 478 1772 vino
502 1714 600 1790 picato
624 1711 817 1790 permiscebis
836 1720 866 1771 et
884 1711 1046 1772 bibendum
1068 1715 1169 1774 ieiuno

105 1813 135 1862 11
156 1800 248 1861 dabis,
280 1801 428 1862 Modicum
448 1802 483 1861 de
504 1804 607 1861 sucino
628 1801 723 1879 lapide
743 1810 772 1860 et
791 1819 932 1879 cyperum
952 1810 982 1860 et
997 1802 1084 1879 piper
1100 1820 1169 1862 con·

155 1889 263 1950 tondes
288 1899 318 1950 11
341 1908 451 1968 coques
475 1896 505 1949 et
534 1890 666 1950 cocleare
691 1907 782 1949 unum
805 1889 925 1967 plenum
948 1890 1050 1949 ieiuno
1075 1890 1170 1970 dabis,

156 1980 207 2056 qui
232 1980 334 2038 urinae
359 1977 530 2039 difficultate
554 1979 598 2039 vel
623 1978 729 2038 calculi
752 1976 852 2037 dolore
876 1976 1075 2056 torquebitur.
1182 1996 1205 2035 ao

105 2077 136 2126 18
245 2066 378 2127 lienibus
398 2067 533 2127 medetur
552 2066 630 2127 alum
646 2065 797 2145 Gallicum,
816 2068 902 2126 cuius
918 2065 1002 2125 radix
1016 2068 1087 2126 trita
1104 2067 1169 2127 dili·

155 2162 259 2231 genter
283 2164 313 2215 ct
335 2157 366 2214 in
390 2157 457 2214 vino
482 2155 601 2215 decocta
626 2154 753 2233 bibitur3
777 2154 926 2214 interdum
951 2157 1039 2214 etiam
1058 2156 1101 2215 ita
1121 2156 1171 2216 de-

155 2244 303 2320 coquitur,
322 2251 356 2302 ut
375 2245 505 2321 spissum
525 2242 677 2320 emplastri
696 2260 777 2301 more
797 2241 919 2302 renibus
939 2255 1169 2320 superponatur.

104 2342 136 2388 19
156 2328 254 2388 Renes
268 2328 377 2407 leporis
393 2329 501 2389 crudos
516 2332 542 2389 si
552 2332 618 2408 quis
628 2332 738 2408 poterit
749 2329 876 2410 gluttiat,
891 2333 937 2390 sin
949 2332 1171 2410 minus,coct0s

156 2419 345 2496 transmittat,
368 2420 410 2479 ita
433 2428 466 2478 ut
489 2416 627 2477 dentibus
651 2436 702 2478 eos
726 2436 785 2478 non
808 2420 968 2500 contingat,
992 2421 1204 2481 odoramen

156 2505 299 2587 diabitur3
320 2507 403 2567 radix
422 2524 540 2585 quoquc
561 2509 694 2585 asparagi
713 2525 749 2566 ex
768 2508 836 2567 vino
856 2509 924 2566 trita
944 2516 973 2566 et
992 2517 1060 2585 pota
1082 2510 1170 2587 prod·

101 2604 202 2655 11111
224 2597 341 2656 renium
364 2596 467 2656 dolori.
503 2588 592 2654 lbisci
615 2594 719 2655 libram
740 2613 837 2673 unam,
862 2598 1002 2656 stercoris
1023 2597 1105 2656 ovilli
1125 2617 1170 2658 re·

156 2687 250 2745 centis
274 2684 304 2745 P.
324 2685 363 2765 ll,
387 2686 531 2762 axungiae
555 2687 664 2743 veteris
688 2683 719 2744 P.
738 2683 773 2743 ll.
815 2683 894 2743 Haec
918 2686 1014 2744 omnia
1039 2689 1172 2747 coutrita

155 2776 267 2851 pariter
295 2773 434 2834 miscebis
462 2781 492 2834 et
519 2775 551 2832 in
579 2772 643 2832 lana
672 2772 774 2833 sucida
802 2771 924 2832 renibus
952 2772 1085 2850 adpones
1111 2793 1171 2835 em·

154 2863 260 2940 plastri
283 2863 377 2943 modo,
402 2866 499 2923 statim
524 2860 665 2940 proderit.
1183 2879 1202 2919 1

102 2962 134 3009 21
243 2950 287 3010 Ad
307 2954 436 3013 vessicae
456 2952 587 3011 dolorem
607 2962 637 3011 et
655 2951 690 3011 ad
707 2968 766 3029 eos,
787 2950 839 3026 qui
852 2951 969 3009 urinam
984 2951 1030 3008 vix
1046 2949 1172 3032 iaciunt,

154 3039 319 3099 remedium
339 3043 394 3101 sic:
415 3039 543 3101 Seminis
561 3039 734 3118 petroselini
753 3037 872 3116 cyathos
892 3045 962 3117 tres,
983 3037 1171 3117 laenograeci

154 3127 275 3203 cyathos
295 3136 370 3208 tres3
392 3137 500 3189 tostata
519 3129 592 3188 hacc
612 3127 776 3188 contundes
796 3126 894 3186 addito
915 3144 1030 3204 myrrae
1050 3128 1170 3189 modico

155 3221 184 3271 et
203 3216 314 3291 piperis
334 3218 433 3293 granis
448 3215 535 3295 Vllll,
550 3218 610 3275 vini
626 3216 739 3294 cyathis
754 3215 878 3275 duobus.
908 3214 1013 3275 Omnia
1028 3216 1060 3274 in
1076 3234 1170 3278 unum

244 3353 259 3400 2
279 3347 450 3403 oolofinicae.
539 3355 572 3404 10
591 3348 758 3404 saxifricam.
847 3356 878 3405 11
899 3349 948 3404 alii
967 3355 1017 3404 1111
1036 3348 1098 3404 allii
1120 3359 1170 3408 211

156 3424 188 3472 13
208 3417 331 3472 tridium.
404 3424 438 3473 20
452 3421 540 3474 urina.
612 3425 645 3474 21
665 3420 760 3488 alium,
779 3422 825 3475 aed
844 3424 878 3487 cf.
894 3422 1050 3476 Pharaia
1067 3427 1111 3491 27,
1129 3430 1168 3477 41.

154 3494 188 3542 24
208 3489 315 3544 crudus.
389 3491 493 3546 coctus.
