2422 3878
507 99 748 164 -164-

68 275 101 324 61
121 261 208 323 Cervi
229 260 385 340 pulmones
410 279 479 321 cum
502 264 565 322 suis
588 262 815 341 gurgulionibus
839 264 961 343 virgulis
980 273 1082 326 tensos
1102 269 1133 327 in

121 351 215 429 lumo,
242 349 337 410 donec
365 358 515 432 arescant,
548 351 696 429 suspende
725 360 755 413 66
783 371 818 412 ex
846 352 892 412 his
921 352 1031 431 aliquid
1064 374 1132 414 con-

119 445 222 498 tusum
246 440 410 516 tritumque
435 437 593 515 diligenter
616 440 731 501 adiecto
755 441 842 500 melle
862 441 1024 520 ecligmatis
1043 443 1131 503 modo

68 540 102 589 66
120 527 248 607 pthisico
273 526 349 607 dato,
373 543 462 604 quem
486 530 584 587 sanari
603 529 745 589 citissime
764 530 853 590 voles.
888 529 1012 590 Lacerta
1030 532 1133 592 viridis

120 617 185 676 6166
208 617 298 676 161666
321 616 352 675 16
375 631 425 673 vas
449 615 539 676 fictile
562 633 670 676 novum
694 626 724 678 66
747 637 815 678 cum
836 616 947 678 61618
967 619 1065 680 tribus
1085 620 1160 680 des

120 712 205 765 cocta
228 703 264 764 ad
287 701 425 781 cyathum
448 721 542 763 unum
565 704 780 766 incredibiliter
804 707 931 784 pthisico
952 707 1082 787 prodest,
1106 711 1133 768 si

68 805 101 855 63
121 811 157 853 ex
180 811 215 852 eo
238 793 306 850 6166
329 807 415 850 mane
437 792 558 852 ieiunus
581 790 663 852 bibat
681 793 814 853 cocleare
834 813 934 855 unum.
965 795 1023 864 Qui
1040 797 1133 873 pthisi

120 878 273 960 laborabit,
291 877 369 937 laser
388 881 493 940 tritum
512 882 542 940 in
562 899 637 958 aqua
656 880 754 959 tepida
772 883 891 940 ieiunus
906 882 1027 941 cottidie
1041 883 1132 962 bibat,

67 980 102 1029 64
119 974 258 1047 potenter
271 966 493 1028 remediabitur.
525 967 655 1028 Cancros
669 970 799 1027 marinos
813 970 921 1045 impari
938 986 1063 1027 numero
1084 988 1131 1028 ex-

119 1063 203 1116 ustos
232 1055 278 1115 vel
307 1055 405 1115 aridos
433 1058 521 1116 tritos
550 1068 580 1116 66
607 1055 694 1116 bacas
724 1055 840 1115 laureas
869 1057 976 1134 impari
1006 1074 1129 1115 numero
1145 1078 1170 1115 ιο

119 1146 205 1204 tritas
233 1143 349 1203 adiecto
376 1142 462 1203 616116
491 1151 579 1222 atque
608 1142 693 1222 adipe
721 1147 858 1204 anserina
881 1145 1005 1204 remissa
1029 1147 1131 1222 aequis

119 1231 302 1311 ponderibus
331 1233 469 1292 universa
497 1233 643 1310 permixta
672 1250 763 1292 unum
792 1251 901 1313 corpus
929 1232 1019 1292 facies
1043 1241 1130 1311 atque

120 1320 284 1400 aequaliter
312 1322 343 1379 in
372 1319 529 1382 duodecim
555 1327 656 1400 partes
684 1320 797 1381 divides
825 1329 855 1382 66
881 1323 912 1381 16
937 1321 1003 1381 cibo
1028 1324 1132 1380 autin

68 1421 101 1471 66
120 1411 241 1487 potione
269 1408 415 1469 laboranti
441 1409 569 1488 pthisico
593 1409 690 1489 dabis,
718 1411 793 1471 mire
816 1409 959 1489 proderit.
1005 1408 1065 1469 Ova
1088 1411 1131 1468 in-

120 1505 205 1559 cocta
233 1498 292 1558 duo
321 1499 353 1558 in
380 1497 471 1558 calice
499 1497 645 1560 diffrmdes
675 1504 705 1557 et
728 1498 812 1559 deice
836 1498 893 1558 6161
916 1499 1021 1577 optimi
1044 1491 1083 1582 ᾖ
1107 1496 1133 1555 11
1148 1518 1172 1557 15

121 1595 151 1648 66
179 1588 324 1664 axungiae
352 1588 569 1647 vetustissimae
597 1588 629 1647 in
657 1586 744 1646 trulla
772 1587 808 1647 ad
837 1586 961 1648 calidam
990 1588 1132 1645 remissae

121 1667 208 1761 ,211
231 1682 262 1735 et
285 1675 430 1752 coagitato
460 1692 494 1734 66
522 1676 703 1755 permixtum
728 1676 857 1754 pthisico
885 1674 1018 1753 tepidum
1047 1677 1131 1733 cotti-

69 1777 102 1826 66
122 1763 169 1824 (116
185 1764 220 1824 da
235 1762 406 1842 bibendum,
425 1762 520 1823 donec
539 1771 669 1844 sanetur,
686 1763 770 1824 valde
788 1763 931 1842 proderit.
964 1761 1021 1830 Qui
1040 1761 1133 1838 pthisi

120 1852 309 1931 adficiuntur,
327 1852 474 1912 maritima
493 1851 557 1912 1666
576 1853 669 1912 vitare
689 1851 799 1912 debent
817 1858 905 1929 atque
922 1848 982 1909 illic
997 1852 1132 1929 maxime,

122 1940 172 2000 ubi
195 1942 246 2018 pix
265 1940 431 2019 conficitur,
453 1941 631 2000 commorari
648 1939 750 2018 ibique
769 1938 936 1999 coclearum
956 1956 1044 1997 carne
1064 1957 1174 1998 cumae

68 2040 101 2090 66
120 2030 188 2087 6166
216 2035 407 2089 excoctarum
435 2027 557 2088 adsidue
585 2029 673 2087 vesci.
719 2025 819 2087 Picem
846 2043 1045 2105 praecoquam
1071 2028 1133 2086 sive

122 2133 210 2194 quam
237 2117 384 2176 viscosum
413 2124 518 2177 vocant
545 2124 576 2176 et
598 2113 749 2176 rubricam
773 2114 950 2195 Scythicam,
973 2132 1061 2192 quam
1085 2115 1133 2175 6111

120 2202 351 2282 pissasphaltum
373 2211 489 2283 vocant,
513 2222 581 2264 cum
600 2205 663 2263 sevi
681 2205 794 2263 cervini
811 2205 931 2263 remissi
949 2201 1054 2281 cyatho
1074 2222 1133 2263 uno

121 2298 151 2351 66
169 2290 254 2351 166616
272 2290 378 2351 bubuli
396 2292 443 2351 661
461 2291 541 2352 ovilli
560 2293 625 2370 pari
643 2309 792 2373 mensura,
812 2293 838 2351 si
852 2293 919 2370 quis
937 2293 996 2350 iam
1015 2291 1131 2368 pericli-

121 2381 196 2439 tanti
223 2378 351 2458 pthisico
379 2380 411 2439 in
439 2386 512 2458 potu
540 2379 586 2440 vel
614 2381 646 2439 in
672 2379 738 2440 cibo
762 2380 884 2440 cottidie
908 2379 1034 2458 dederit,
1059 2382 1132 2439 mire
1147 2397 1174 2438 aa

122 2469 150 2528 ei
174 2465 336 2528 subveniet.

70 2570 103 2620 66
210 2556 276 2616 Mus
304 2555 387 2635 gliris
415 2555 574 2635 degluptus
606 2564 636 2617 66
668 2575 737 2618 cum
768 2557 833 2618 6166
862 2575 896 2616 66
928 2555 988 2615 sale
1019 2563 1134 2614 assatus

122 2644 336 2724 pleumoniacis
359 2644 406 2704 661
429 2646 571 2724 empyicis
594 2645 661 2705 cibo
685 2645 771 2706 datus
794 2648 869 2706 mire
896 2646 1058 2722 succurrit3
1083 2662 1134 2703 eos

71 2749 257 2815 aequoque,
281 2735 334 2813 qui
355 2733 514 2812 purulenta
538 2743 687 2814 excreant,
710 2734 866 2795 celerrime
889 2740 980 2794 sanat.
1021 2730 1134 2792 blarru-

124 2824 166 2885 bii
189 2824 292 2885 viridis
315 2822 491 2884 fasciculum
514 2830 544 2882 66
567 2822 732 2884 ambrosiae
753 2821 927 2884 fasciculum
951 2829 981 2880 et
999 2820 1135 2881 abrotani
1149 2839 1175 2879 co

123 2912 298 2974 fasciculum
318 2914 402 2973 mitte
421 2914 452 2972 in
471 2910 558 2972 ollam
577 2912 767 2973 semodialem
785 2929 890 2972 novam
912 2917 942 2968 66
960 2910 1021 2968 6161
1036 2906 1066 2968 θ
1081 2907 1135 2968 1111

125 3007 155 3059 66
177 3001 310 3080 decoque
334 3001 370 3061 ad
394 3002 569 3080 sextarium,
593 3008 657 3062 tum
681 3002 812 3079 exprime
835 2996 942 3058 herbas
966 3004 995 3055 et
1019 2997 1081 3056 cola
1106 3006 1136 3056 et

195 3165 383 3234 aaligmatis.
460 3166 625 3237 ttphisico.
704 3164 835 3234 rtphisi.
918 3171 949 3219 11
969 3167 1067 3237 atque]
1087 3168 1136 3222 ad·

123 3235 207 3290 iecto.
291 3240 324 3288 13
343 3236 504 3290 duodecem.
587 3241 629 3289 ld¹v
643 3235 773 3305 lphisico.
860 3241 891 3289 15
912 3234 1041 3290 difundes
1060 3240 1134 3307 (sich

124 3322 162 3360 uu
181 3302 335 3358 defundes?
416 3310 450 3358 16
468 3303 645 3361 retussimce.
723 3312 756 3361 17
775 3305 903 3375 lphisico.
985 3313 1017 3361 18
1037 3309 1135 3378 tphisi.

124 3382 157 3431 23
177 3373 412 3446 pissasphaltum]
432 3372 557 3454 qullica.
656 3380 689 3431 28
708 3376 911 3446 pleumoniacis
929 3378 1029 3448 scripsi
1046 3387 1079 3436 66
1097 3387 1136 3436 est

123 3449 155 3504 c'n
172 3446 268 3504 titulo:
286 3443 502 3516 pleumoniticrs.
576 3450 610 3501 29
629 3446 757 3504 maruvii.
