2422 3878
552 125 769 189 ..78-

154 289 206 349 das
235 298 264 348 et
292 288 327 348 ad
356 287 512 367 palpebras
536 306 656 366 asperas
679 289 806 367 utimur,
829 287 907 366 quod
932 289 1002 367 qula
1026 307 1064 349 ex
1084 297 1168 369 unat·

154 386 222 438 tuor
250 376 341 437 rebus
369 385 402 437 ut
431 376 571 456 quadriga
600 379 685 455 equis
713 384 830 437 constat
853 384 883 436 et
906 377 1020 437 celeres
1044 379 1167 440 effectus

154 464 255 545 habet,
280 465 382 526 harma
406 465 528 545 dicitur;
552 467 660 544 recipit
682 465 768 525 haec:
792 465 877 525 deris
901 467 962 525 usti
985 464 1012 524 ii
1035 465 1103 546 1111,
1125 474 1166 529 tu·

153 572 222 614 reae
241 553 356 614 arboris
376 556 497 614 corticis
516 552 542 613 li
561 552 624 634 1111,
643 555 819 614 ammoniaci
837 560 937 631 guttae
956 552 1062 634 iiilll,
1087 573 1165 634 gum·

154 644 209 702 mis
238 642 353 723 lIIlIl;
383 649 522 703 terrentur
549 641 621 702 haee
650 660 685 702 ex
714 659 789 720 aqua
813 641 941 720 pluviali.
988 641 1054 702 Hoc
1080 646 1185 704 etiams

154 741 368 810 superunctum
393 730 429 790 ad
452 748 615 809 puerorum
639 729 797 809 epiphoras
820 738 850 790 et
868 731 920 808 qui
938 748 998 790 non
1019 733 1166 793 sufferunt

102 822 328 880 119unotionem
354 821 463 897 optime
488 819 564 879 iacit.
605 818 765 898 Collyrium
790 818 869 897 qnod
893 821 1013 897 proprie
1037 821 1111 881 lacit
1133 819 1166 881 ad

153 908 367 986 aspritudinem
395 907 604 986 palpebrarum
633 915 662 968 et
686 905 892 988 callositatem,
920 915 1040 987 oportet
1069 917 1165 970 autem

153 1005 203 1057 aut
219 995 355 1056 subicere
371 995 525 1075 specillum
540 995 698 1074 palpebrae
718 1002 769 1055 aut
787 998 936 1056 invertere
956 998 1051 1074 ipsam
1069 998 1164 1076 palpe-

152 1085 236 1145 bram
261 1094 290 1145 et
314 1086 356 1146 sie
380 1087 536 1163 inungere,
568 1086 687 1163 recipit:
724 1083 810 1144 Aeris
835 1086 895 1145 usti
918 1083 1058 1165 xxiiii,
1083 1098 1193 1147 eoru-¹⁰

152 1177 229 1252 ginis
253 1172 347 1253 XVI,
372 1175 452 1234 croci
475 1172 514 1252 ll,
533 1191 649 1252 myrrae
673 1172 699 1233 X
718 1173 743 1254 1,
772 1174 868 1233 casiae
892 1172 975 1234 rufae
999 1174 1164 1235 fistularum

152 1264 299 1322 victoriati
323 1263 453 1342 pondus,
481 1264 593 1341 piperis
617 1260 676 1321 albi
699 1279 789 1340 grana
813 1260 896 1342 XLV,
924 1264 1054 1341 gummis
1078 1263 1163 1324 dena·

151 1353 213 1411 rios
242 1369 356 1411 novem.
403 1351 477 1412 Cum
504 1354 571 1411 vino
595 1350 668 1410 Chio
696 1350 769 1410 haeo
797 1357 937 1411 teruntur
964 1353 1061 1412 etsie
1087 1351 1162 1412 colli·

100 1448 276 1517 linguntur.
314 1439 357 1499 dd
382 1439 589 1519 palpebrarum
614 1440 802 1499 veterrimam
822 1438 1040 1518 aspritudinem
1063 1448 1095 1500 et
1118 1458 1162 1499 ex·

152 1536 335 1588 crescentem
360 1547 493 1609 carnem,
517 1545 605 1607 quam
629 1530 755 1607 sycosim
779 1527 885 1588 Graeci
907 1535 1028 1609 vocant,
1051 1531 1083 1588 in
1108 1540 1192 1607 quali

151 1625 196 1677 est
220 1616 327 1677 callum
356 1617 563 1696 durissimum3
593 1623 638 1676 est
666 1625 765 1677 autem
793 1615 939 1695 liquidum
967 1617 1161 1677 medicamen·

151 1715 227 1786 tum,
256 1705 333 1784 quod
359 1705 425 1765 ideo
448 1705 540 1783 hygra
564 1704 742 1784 appellatur,
767 1704 844 1783 quod
870 1707 959 1766 etiam
983 1723 1105 1766 carnem
1128 1723 1160 1765 ex

150 1794 299 1873 palpebris
323 1793 399 1854 tollit
423 1795 487 1853 sine
511 1811 616 1871 magno
641 1792 755 1873 dolore,
784 1795 893 1872 recipit
914 1794 1000 1855 haec:
1039 1793 1161 1874 Myrrae,

150 1885 240 1962 turis,
265 1883 358 1961 croci,
382 1883 480 1960 misni,
505 1882 687 1959 singularum
707 1883 875 1960 specierum
895 1881 1033 1943 denarios
1053 1891 1162 1962 ternos,

150 1970 317 2030 chalcitidis
340 1968 430 2029 XVI.
472 1968 551 2030 Haeo
576 1978 715 2031 teruntur
738 1970 895 2050 diligenter
920 1989 955 2031 ex
979 1980 1065 2032 aceto
1088 1972 1192 2050 acri3b

150 2058 202 2118 ubi
234 2058 309 2118 levia
340 2059 415 2118 sacta
451 2066 540 2118 erum
572 2066 602 2119 et
629 2059 782 2120 habebunt
818 2059 1043 2137 spissitudinem
1076 2059 1162 2139 passi,

150 2148 293 2207 miscetur
322 2146 368 2207 his
396 2145 491 2206 mellis
519 2148 610 2208 AttIoi
637 2146 667 2207 P.
692 2148 718 2227 I;
752 2148 858 2208 deinde
890 2149 922 2209 in
948 2147 1057 2225 patella
1085 2149 1161 2209 aeris

151 2234 252 2314 Cyprii
276 2253 365 2314 snper
390 2234 533 2297 carbones
557 2239 653 2314 posita
676 2237 855 2315 internoscit,
879 2235 974 2297 donec
997 2236 1096 2297 mellis
1114 2236 1161 2296 ba·

153 2323 221 2383 beat
244 2342 303 2383 non
327 2326 451 2385 mmium
474 2324 578 2404 liquidi
602 2325 840 2406 spissitudinem,
868 2333 957 2404 atque
980 2327 1021 2385 ita
1045 2326 1160 2405 reponi-

153 2420 203 2472 tur
227 2414 257 2473 in
281 2413 387 2492 pyxide
411 2417 488 2474 aeris
507 2413 617 2493 Cyprii.
652 2413 725 2474 Cum
750 2432 825 2494 opus
849 2422 903 2494 est,
925 2415 1088 2475 invertitur
1105 2412 1193 2492 pal-¹⁵

152 2499 243 2579 pebra
272 2511 301 2560 et
329 2520 383 2579 per
411 2502 565 2581 specillum
592 2504 759 2582 adponitur.
805 2502 890 2574 Quod
915 2502 1161 2564 medicamentum

153 2589 323 2651 suiiricatur
356 2594 473 2652 curiose
506 2594 536 2652 iu
570 2592 655 2652 oculo
684 2591 719 2652 ad
748 2590 1018 2652 delacrimationem
1051 2600 1082 2653 et
1112 2589 1162 2652 ubi

152 2678 275 2740 desierit
296 2680 442 2760 mordere,
466 2698 572 2741 rursus
591 2682 699 2741 inverti
718 2679 867 2758 oportebit
884 2679 1056 2759 palpebram
1076 2689 1160 2759 atque

152 2771 191 2829 ita
219 2767 326 2848 pollice
349 2771 484 2849 inpresso
512 2768 699 2829 membranas
727 2771 864 2829 innantes
894 2770 1057 2849 adducere,
1088 2785 1161 2848 quae

148 2857 232 2918 laoile
262 2857 497 2938 subsequentum
529 2865 596 2937 post
627 2858 684 2918 hoo
718 2859 837 2918 cinereo
870 2857 992 2937 collyrio
1021 2876 1058 2918 ex
1087 2871 1191 2936 aquato

147 2947 309 3025 inungendi
333 2955 422 3007 eruut
447 2945 523 3007 oculi
548 2949 686 3008 orassIus.
730 2945 793 3006 lloc
814 2947 1064 3007 medicamentum
1089 2944 1159 3007 mul·

147 3043 246 3094 torum
270 3053 415 3095 annorum
439 3034 530 3095 callos
554 3043 584 3095 et
607 3035 807 3114 aspritudbres
828 3034 1037 3115 palpebrarum
1057 3035 1158 3114 despe

146 3129 225 3181 ratas
254 3141 270 3181 a
299 3123 475 3201 quibusdam
504 3123 627 3184 medicis
651 3123 790 3185 oculariis
815 3128 919 3202 paucis
943 3123 1050 3185 diebus
1075 3123 1158 3184 tollit.

95 3208 312 3289 121Collyrium
332 3210 366 3270 ed
387 3211 495 3291 ulcera,
514 3212 637 3290 papulas
656 3219 686 3272 et
705 3213 877 3290 epiphoras:
896 3212 1033 3273 Cadmiae
1047 3211 1073 3272 X
1089 3209 1159 3287 vni,

218 3422 233 3469 9
253 3413 399 3485 specillum
419 3414 587 3482 Steptaooc:
607 3415 747 3485 spicillum
767 3417 927 3473 Corcora'us.
1002 3423 1035 3473 19
1053 3416 1156 3488 mysIos

149 3486 306 3542 Cornelios.
379 3492 413 3541 26
433 3484 573 3555 spicillum
593 3487 750 3543 Coroarius.
