2422 3878
516 131 732 196 ...66-

65 306 99 356 25
118 293 338 354 incumbentem
368 293 539 373 epiphoram
568 294 719 354 discuties.
767 292 797 353 Si
824 295 953 372 impetus
977 295 1134 358 oculorum

119 385 264 463 eruperit,
287 381 459 442 huiusmodi
482 382 646 442 remedium
671 382 826 441 confestim
851 381 1019 443 adhibebis:
1051 385 1135 446 Atra·

117 473 211 531 menti
242 473 376 532 sutorieii
407 501 444 514 -
471 468 484 528 Ι
512 472 542 530 in
570 488 676 549 aquam
707 467 847 530 mundam
870 471 1015 532 defundes
1044 472 1135 553 idque

118 561 227 619 acriter
255 559 371 619 fervere
402 559 506 638 facies,
540 565 602 619 tum
631 560 760 639 operies,
793 569 827 619 ut
855 559 954 619 ferror
980 561 1136 639 paululum

119 650 326 728 conquiescat,
354 654 443 725 atque
471 645 523 707 ubi
550 647 699 707 modicum
728 649 903 728 intepuerit,
930 650 962 708 in
991 650 1135 711 concham
1157 662 1167 703 t

118 736 308 797 transfundes
336 735 436 813 ibique
465 735 570 795 faciem
599 735 753 813 demerges
782 743 812 796 et
840 735 942 796 oeulos
975 739 1136 817 patefacies

117 828 194 885 intra
214 827 308 904 ipsam
328 842 447 905 aquam,
469 822 622 902 paululum
641 823 761 902 quidem
780 824 974 905 admordebit,
999 827 1052 887 sed
1072 847 1135 888 cer·

65 925 99 974 26
119 915 234 974 tissime
258 914 461 992 experimento
485 912 617 973 dolorem
641 912 863 975 incumbentem
887 922 1009 976 avertet.
1053 915 1135 978 Colo·

118 1002 190 1067 lonii
210 1001 359 1062 modicum
376 1001 533 1080 phoenicio
551 1000 641 1080 inliga
661 1009 691 1061 et
710 1001 784 1062 collo
803 1001 955 1080 lippientis
975 1005 1134 1087 suspende,

65 1092 217 1152 utstatim
246 1089 388 1169 proderit.
434 1089 571 1150 Dolorem
600 1089 754 1150 oculorum
777 1097 812 1151 ut
834 1108 910 1152 anno
934 1093 1052 1171 integro
1076 1112 1134 1154 non
1147 1105 1169 1145 1⁰

116 1180 251 1259 patiariS,
281 1196 348 1238 oum
376 1180 507 1257 primum
535 1179 648 1238 cerasia
677 1186 765 1239 erunt
787 1179 893 1238 idonea
917 1182 996 1260 esui,
1029 1181 1060 1242 id
1089 1191 1135 1243 est

117 1269 203 1347 quasi
226 1275 350 1347 matura,
373 1267 410 1326 de
433 1266 531 1328 tribus
555 1269 676 1328 cerasiis
699 1265 814 1347 lapillos
837 1268 1000 1347 pertundes
1025 1279 1055 1330 et
1081 1269 1132 1332 Ga·

117 1356 217 1416 ditano
241 1355 301 1415 lino
325 1357 438 1416 inserto
457 1374 511 1434 pro
534 1354 717 1435 phylacterio
737 1358 840 1437 uteris,
864 1364 932 1416 voto
951 1359 1035 1436 prius
1056 1359 1132 1420 facto

117 1452 219 1504 contra
241 1443 507 1526 solemorientem,
531 1444 610 1523 quod
630 1462 666 1504 eo
685 1462 761 1504 anno
781 1446 892 1505 cerasia
912 1463 973 1505 non
992 1448 1033 1506 sis
1053 1466 1132 1509 man·

64 1542 98 1591 28
117 1533 288 1594 ducaturus
322 1531 460 1615 Herbam,
480 1550 556 1612 qriae
570 1531 734 1611 appellatur
748 1535 944 1613 peristereon,
963 1533 1166 1616 discoques,1t

117 1630 151 1682 ut
179 1622 341 1702 madescat,
369 1640 404 1682 ex
434 1639 509 1700 aqua
538 1620 656 1683 fontana
684 1620 719 1682 ad
749 1624 852 1682 tertias
880 1631 910 1681 et
936 1622 1006 1683 inde
1031 1625 1133 1685 oculos

64 1720 97 1770 22
118 1709 230 1771 fovebis
253 1712 367 1788 impetu
391 1709 571 1769 laborantes:
599 1710 677 1770 intra
705 1709 837 1770 triduum
865 1710 1048 1788 persanabis.
1086 1712 1132 1773 Vi·

117 1800 222 1860 tandae
245 1806 390 1878 perpetuo
414 1797 600 1876 lippitudinis
624 1799 717 1876 gratia
741 1796 874 1878 observa,
898 1806 933 1859 ut
956 1818 971 1860 a
991 1798 1053 1862 llal.
1074 1800 1132 1862 lan.

117 1906 152 1947 eo
175 1897 323 1968 tempore,
347 1904 406 1966 quo
429 1884 491 1946 llal.
516 1885 586 1946 solis
609 1886 657 1946 die
681 1887 804 1967 fuerint,
828 1889 917 1947 etiam
940 1886 1014 1949 hora
1038 1892 1133 1968 prima

117 1976 161 2035 vel
191 1985 291 2037 octava
321 1983 350 2036 et
378 1975 520 2052 deinceps
548 1973 604 2034 alio
633 1975 681 2034 dia
709 1974 779 2035 solis
808 1985 837 2039 et
864 1978 953 2036 tertio
984 1977 1055 2038 solis
1085 1979 1132 2040 die
1145 1987 1167 2028 ²⁰

119 2063 255 2123 similiter
279 2062 400 2142 collyrio
425 2064 508 2123 tenui
529 2063 692 2141 inungeris,
715 2070 779 2123 tum
799 2082 961 2126 conversus
980 2066 1017 2125 ad
1037 2069 1133 2128 orien-

117 2158 177 2211 tem
206 2150 323 2229 rogabis
351 2150 453 2231 deum,
481 2163 515 2212 ut
542 2169 577 2211 eo
606 2170 682 2211 anno
711 2151 811 2212 dolere
839 2152 942 2214 oculos
972 2162 1042 2215 tuos
1074 2174 1133 2216 non

64 2251 98 2299 30
118 2241 203 2300 sinat.
237 2239 311 2300 Cum
324 2242 453 2318 primum
472 2239 664 2300 hirundinem
678 2240 807 2300 audieris
822 2249 873 2302 aut
887 2242 1007 2325 videris,
1024 2247 1132 2305 tacitus

117 2327 185 2388 ilico
205 2327 240 2387 ad
261 2327 372 2388 fontem
392 2328 535 2388 decurres
555 2328 600 2389 vel
620 2328 655 2388 ad
671 2336 794 2407 puteum
810 2338 839 2390 et
855 2330 924 2391 iude
939 2349 1015 2410 aqua
1031 2333 1131 2394 ocules

118 2415 230 2476 fovebis
254 2423 284 2476 et
307 2416 425 2495 rogabis
444 2416 542 2498 deum,
565 2425 652 2478 uteo
673 2435 749 2477 anno
768 2436 826 2478 non
846 2416 960 2500 lippias,
984 2420 1130 2482 dolorem·
1144 2429 1165 2471 2⁵

63 2516 175 2584 a1que
199 2523 316 2566 omnem
345 2505 500 2566 oculorum
527 2514 649 2566 tuorum
677 2506 852 2567 hirundines
880 2506 1024 2569 auferant.
1076 2509 1131 2571 Ex-

116 2601 234 2672 pertum
258 2595 423 2655 remedium
446 2594 483 2654 ad
504 2594 720 2675 lippitudinem,
744 2613 782 2655 ne
801 2613 941 2674 umquam
961 2604 1132 2679 temptetur,

117 2684 142 2742 si
166 2683 233 2762 quis
256 2682 394 2744 observet
418 2685 482 2744 siue
505 2684 725 2743 intermissione
749 2690 798 2744 aut
823 2683 979 2766 oblivione,
1004 2695 1037 2747 ut
1061 2705 1132 2766 quo·

115 2772 193 2832 tiens
221 2770 339 2854 laverit,
367 2771 493 2832 deducta
517 2772 653 2849 utrisque
678 2771 814 2832 manibus
838 2771 873 2832 ad
898 2773 989 2852 pedes
1012 2775 1131 2836 infimos

115 2878 190 2940 aqua
224 2862 323 2922 statim
355 2878 460 2921 manus
493 2859 593 2920 ambas
628 2859 663 2920 ad
697 2860 799 2920 oculos
831 2861 942 2922 referat
973 2870 1064 2943 atque
1096 2865 1166 2925 ado

116 2949 239 3027 angulos
262 2967 366 3010 eorum
390 2955 516 3027 utraque
540 2966 629 3008 manu
653 2949 808 3030 perfricet,
834 2957 863 3009 et
886 2949 943 3011 hoc
966 2959 1014 3011 ter
1034 2953 1132 3014 facere

63 3047 96 3095 32
117 3035 248 3096 debebis.
301 3037 451 3098 Adversus
480 3055 599 3098 timores
628 3046 657 3097 et
684 3036 800 3098 subitos
827 3039 947 3116 inpetus
975 3040 1133 3104 oculorum

116 3133 146 3183 et
169 3123 327 3203 epiphoras
350 3125 465 3186 radices
489 3125 574 3186 betae
599 3128 723 3187 maxima
746 3128 848 3205 nigrae
872 3145 908 3187 ex
933 3146 1008 3207 aqua
1032 3131 1134 3210 tepida

188 3275 374 3343 epaulolum.
466 3283 481 3330 8
502 3275 666 3332 colofhonii.
754 3285 769 3333 9
788 3277 898 3334 fenicie.
993 3288 1024 3335 11
1046 3284 1132 3339 essui.

118 3351 149 3400 12
170 3343 310 3400 Gaditano
329 3348 440 3414 scripsi:
459 3347 583 3414 gaitano.
667 3354 699 3404 13
718 3348 894 3419 philacteria.
971 3357 1005 3406 22
1025 3353 1132 3410 dolore.

116 3423 150 3541 {p
168 3414 341 3543 {fflffim'
445 3422 480 3472 24
498 3415 582 3473 illico.
688 3426 722 3475 26
741 3420 909 3484 herundines
1012 3424 1132 3480 auferam.
