2422 3878
589 157 826 221 -370-

201 321 347 382 avellanae
377 320 608 398 magnitudinem
637 338 672 380 ex
701 318 818 379 duobus
848 319 961 398 cyathis
985 337 1088 397 aquae
1113 319 1206 380 calid

202 409 295 489 dabis,
319 411 506 487 componitur
530 410 585 468 sic:
614 407 792 468 Petroselini
815 407 970 468 drachmas
995 406 1037 486 ll,
1067 415 1211 468 centaur

202 497 357 558 drachmas
380 496 419 578 ll,
442 494 586 557 marrubii
614 495 783 557 drachmam
807 495 832 575 l,
861 495 971 556 scordii
999 495 1187 557 drachmam

201 586 322 647 Tundes
345 586 418 645 haec
442 592 472 644 et
495 583 640 645 cribrabis
664 592 694 644 et
718 585 749 644 in
768 583 920 663 pulverem
940 586 1166 646 tenuissimum
1186 603 1211 645 r:

202 674 285 735 dacta
314 675 487 753 despumato
516 670 602 733 melle
630 672 764 753 colliges,
796 679 829 732 ut
862 674 992 750 spissum
1022 673 1065 733 sit
1094 673 1210 735 medic

203 771 346 843 mentum,
369 769 399 821 et
422 759 574 820 recondes.

152 866 184 915 17
292 850 336 909 Ad
364 849 524 927 podagram
552 848 684 909 subitum
712 856 742 909 et
765 848 850 910 facile
873 849 1042 909 remedium
1067 851 1132 911 sio:
1161 850 1195 910 dl

203 957 286 1016 men,
320 945 451 1011 acetum,
484 936 588 997 lotium
620 937 782 997 humanum
813 944 898 997 vetus
931 938 1036 1016 aequis
1071 956 1211 999 mensu

203 1028 349 1105 permisce
378 1033 467 1103 atque
495 1024 568 1085 adde
598 1043 683 1086 cerae
706 1025 736 1086 P.
756 1025 782 1106 1,
810 1027 871 1104 opii
892 1057 937 1068 —
954 1023 981 1106 1,
1008 1024 1102 1086 lactis
1129 1029 1209 1088 can‘r

205 1115 322 1174 unciam
342 1112 363 1194 l,
386 1131 471 1173 rosae
495 1116 591 1173 siccae
616 1116 733 1174 unciam
751 1113 772 1174 l.
812 1113 919 1192 Opium
944 1121 973 1173 et
995 1112 1043 1173 lac
1068 1123 1103 1174 et
1128 1134 1209 1176 rosa

205 1211 284 1262 teres
307 1203 339 1261 in
361 1203 517 1279 mortario,
540 1220 639 1262 ceram
663 1220 734 1261 vero
757 1202 929 1282 liquefacies
953 1209 983 1262 et
1006 1203 1103 1263 simul
1130 1205 1210 1264 omui

204 1289 398 1370 permiscebis
431 1297 519 1368 atque
547 1289 615 1349 inde
643 1290 735 1368 pedes
763 1291 870 1351 inlines
898 1296 928 1350 et
955 1289 1024 1349 lolia
1054 1289 1151 1353 hetae
1180 1311 1196 1352 a

203 1379 337 1439 lactucae
361 1378 490 1456 desuper
513 1377 654 1456 alligabis.

152 1481 184 1530 18
293 1467 336 1526 Ad
360 1466 507 1545 podagrae
532 1465 664 1527 subitum
683 1465 815 1526 dolorem
834 1466 1000 1526 remedium
1020 1467 1079 1528 sio:
1108 1467 1210 1530 Calue

205 1556 302 1616 denuo
321 1573 432 1633 coques
453 1561 482 1614 et
500 1561 581 1614 teres
600 1555 768 1633 adiciesque
788 1573 930 1633 oesypum
949 1563 979 1615 et
997 1573 1103 1616 rosam
1126 1559 1197 1618 trita

205 1642 293 1703 etde
318 1644 472 1722 permixtis
496 1642 587 1720 pedes
610 1661 791 1722 perungues.

153 1745 184 1793 19
293 1730 408 1791 Phlomi
431 1732 533 1790 uncias
555 1738 627 1811 tres,
650 1733 772 1792 rumicis
791 1732 895 1792 uncias
913 1738 985 1812 tres,
1008 1730 1102 1793 ibisci
1124 1735 1204 1794 unc'

205 1827 276 1900 treS,
294 1818 464 1898 cyclaminis
483 1821 587 1879 uncias
606 1828 676 1897 tres,
694 1809 811 1899 myrrae
831 1830 935 1879 tunsae
955 1821 1074 1879 unciam
1093 1819 1118 1883 l.
1144 1820 1208 1881 Phl

205 1925 285 1966 mum
314 1907 406 1966 moles
434 1915 464 1967 et
488 1907 582 1988 dices,
611 1907 750 1987 quamdiu
779 1906 885 1969 moles:
913 1907 1070 1968 Summum
1098 1909 1169 1970 cael

205 1996 262 2055 ima
273 2004 362 2075 terra,
377 1994 506 2055 medium
521 1997 776 2057 medicamentum.
796 1995 908 2056 Deinde
923 1995 1011 2055 simul
1021 1999 1130 2058 omnia
1143 2017 1197 2060 coc

205 2083 316 2143 colabis
340 2093 369 2144 et
394 2103 429 2144 ex
452 2084 499 2144 his
523 2085 614 2163 pedes
637 2103 704 2145 cum
729 2103 804 2162 opus
826 2084 917 2144 luerit
942 2083 1137 2162 perfricahis.

152 2185 186 2232 20
297 2173 340 2232 dd
369 2172 527 2250 podagram
556 2173 719 2234 remedium
749 2174 784 2233 de
813 2173 1016 2252 experimento
1040 2175 1101 2234 sic:
1139 2174 1198 2255 Spe

206 2262 331 2320 matioae
355 2261 509 2319 drachmas
537 2269 690 2340 quattuor,
717 2260 771 2321 lini
798 2262 920 2321 seminis
949 2260 1113 2322 drachmas
1144 2281 1211 2343 qua

206 2355 289 2427 tuor,
318 2365 424 2406 erucae
454 2350 575 2408 seminis
604 2349 759 2408 drachmas
787 2357 941 2429 quattuor,
968 2348 1096 2409 schoeni
1122 2351 1206 2412 drac

207 2453 269 2495 mas
288 2433 328 2515 lt,
359 2436 488 2494 castorei
510 2436 664 2496 drachmas
683 2436 722 2517 tl,
751 2455 866 2516 myrrae
891 2436 1047 2497 drachmas
1066 2436 1111 2520 11,
1142 2459 1180 2500 na
1202 2464 1206 2492 t

208 2525 306 2602 spicae
330 2522 485 2583 drachmas
505 2523 544 2606 lt,
572 2526 700 2604 gummis
723 2525 890 2604 Aethiopici
912 2525 1068 2585 drachmas
1090 2525 1135 2610 ll,
1159 2528 1208 2589 sal'

208 2612 363 2672 drachmas
391 2610 430 2692 tl,
463 2614 574 2692 piperis
604 2612 684 2691 longi
712 2614 881 2674 drachmam
909 2631 1010 2693 unam,
1044 2615 1161 2677 nucleo
1205 2642 1209 2669 ι

206 2703 364 2781 pineorum
384 2700 537 2762 drachmas
557 2701 630 2781 Vlll‚
654 2705 801 2763 satureiae
820 2701 975 2762 drachmas
994 2718 1115 2764 novem.
1150 2704 1203 2766 lla

207 2793 304 2850 omnia
328 2797 415 2850 tunsa
439 2789 568 2850 cribrata
592 2798 621 2849 et
644 2792 674 2850 in
698 2789 851 2868 pulverem
870 2791 1084 2850 tenuissimum
1106 2794 1198 2856 redac

206 2880 336 2956 tritaque
355 2880 386 2937 in
406 2896 498 2938 rrnum
518 2877 711 2957 permiscebis
731 2888 760 2939 et
779 2897 814 2938 ex
834 2897 869 2937 eo
888 2878 1061 2939 drachmam
1080 2899 1207 2944 unama

208 2966 285 3025 diem
309 2968 408 3026 ieiuno
432 2969 462 3026 in
485 2970 605 3044 potione
630 2969 749 3027 euvini
773 2968 878 3046 cyatho
902 2975 1066 3045 temperata
1091 2971 1191 3034 dahis

154 3066 187 3114 21
298 3053 437 3114 Sambuci
457 3055 533 3134 lolia,
553 3057 769 3135 cumprimum
789 3054 963 3135 procedunt,
982 3055 1017 3114 ad
1038 3054 1155 3122 libram
1175 3079 1207 3123 co

207 3140 281 3218 liges
305 3150 334 3201 et
358 3152 451 3223 teres,
479 3142 656 3222 plantaginis
680 3163 798 3223 quoque
821 3143 951 3204 radicem
974 3143 1009 3203 ad
1035 3144 1153 3212 libram
1176 3169 1207 3213 co

208 3227 282 3305 liges
306 3237 335 3288 et
359 3231 525 3291 contundes
549 3240 579 3292 et
602 3235 745 3311 axungiae
769 3235 878 3293 veteris
901 3230 1007 3291 libram
1031 3239 1186 3316 purgabis
1207 3264 1211 3291 ‹.

208 3315 372 3377 contundes
399 3325 429 3378 et
451 3327 553 3396 postea
573 3321 661 3381 simul
680 3324 778 3381 omnia
797 3319 916 3399 subiges
935 3328 1025 3398 atque
1046 3326 1125 3389 inde
1143 3329 1211 3410 ped

208 3404 315 3464 inlines
339 3413 369 3465 et
388 3405 480 3466 caulis
500 3407 602 3467 lolium
623 3426 815 3488 superpones,
840 3409 996 3468 confestim
1014 3428 1174 3488 praesens
1209 3443 1211 3469 ;

208 3493 339 3552 medium
363 3494 398 3553 ad
424 3494 581 3554 sedandam
605 3497 764 3576 podagram
789 3499 950 3576 experiere.
