2452 3878
518 131 834 223 -arcf

75 307 110 358 14
128 312 220 374 aquae
249 292 360 354 calidae
387 295 508 372 potione
530 300 660 371 potetur.
706 291 822 352 Herbae
845 291 1035 353 Britannicae
1058 293 1146 355 radix

128 382 174 444 vel
197 381 266 442 folia
288 384 406 443 incocta
428 381 476 442 vel
497 399 582 461 aqua,
605 384 638 441 in
662 398 720 460 qua
742 382 878 441 tamarici
900 379 969 441 folia
990 389 1021 442 et
1039 399 1146 443 semen

128 473 280 532 incoctum
303 470 407 550 fuerit,
434 472 598 531 torminoso
623 469 752 548 potanda
775 469 864 530 detur
886 471 976 530 etiam
999 488 1069 530 cum
1093 470 1144 531 ad·

78 573 110 623 15
129 560 272 621 mixtione
300 560 363 619 vini
390 559 509 619 austeri.
555 557 696 637 Plantago
724 564 810 618 cocta
830 565 898 618 ante
927 556 1017 618 alium
1041 557 1146 620 cibum

129 646 197 708 data
219 666 256 708 ex
279 654 363 707 aceto
385 645 514 725 plurimo
538 654 568 706 et
591 647 697 725 camno
721 645 780 706 sale
804 650 894 725 atque
914 645 978 706 oleo
998 649 1171 707 tormine-s

130 738 172 797 sis
193 735 357 816 plurimum
378 734 510 812 prodest.

77 838 110 888 lo
218 821 399 900 Plantaginis
426 822 525 883 aridae
553 839 655 882 semen
682 823 787 882 tritum
810 839 846 882 ex
868 821 1005 900 partibus
1027 821 1147 884 duabus

130 918 161 972 et
182 912 338 989 papaveris
360 912 458 988 capita
480 910 562 971 arida
584 911 655 970 trita
678 928 715 970 ex
736 918 822 988 parte
845 913 934 971 tertia
952 918 1071 989 oportet
1089 930 1147 989 per

130 997 264 1060 cribrum
287 999 417 1059 tenuiter
438 999 567 1059 foratum
585 999 673 1059 traici
691 1016 728 1057 ex
746 1015 841 1076 eoque
858 997 981 1077 pulvere
1000 999 1065 1059 dari
1083 1007 1145 1060 tor-

129 1087 245 1146 minoso
264 1084 372 1164 ligulae
388 1105 512 1166 magnae
526 1103 704 1165 mensuram,
722 1086 874 1146 interdum
887 1085 955 1164 plus
969 1095 1021 1147 aut
1034 1088 1145 1167 minus,
1160 1105 1185 1144 so

131 1192 200 1234 cum
222 1175 283 1234 vini
305 1176 415 1235 veteris
437 1177 523 1236 mixti
545 1192 606 1235 non
629 1175 763 1254 nimium,
785 1174 815 1235 id
840 1181 886 1234 est
905 1175 1018 1253 cyathis
1036 1175 1146 1236 tribus.

130 1260 194 1322 Hoc
221 1261 471 1324 medicamentum
504 1270 572 1323 ante
606 1280 743 1322 somnum
771 1262 884 1322 utiliter
912 1265 1000 1322 etiam
1030 1263 1067 1324 ad
1097 1282 1146 1324 ve·

133 1367 251 1429 speram
274 1349 370 1411 datur.

81 1452 113 1502 lt
221 1437 347 1499 Prodest
369 1439 541 1500 torminosis
559 1437 730 1498 huiusmodi
748 1436 887 1498 sorbitio:
909 1438 1008 1499 dlicae
1026 1438 1147 1500 hemina

133 1529 330 1606 percoquitur
352 1545 421 1588 cum
443 1544 530 1587 cerae
554 1533 585 1586 et
607 1533 692 1587 rutae
715 1524 741 1586 X
760 1524 782 1606 1,
805 1526 985 1587 admiscetur
1008 1545 1079 1587 sane
1097 1527 1146 1588 his
1160 1543 1186 1584 1s

134 1622 165 1675 et
190 1615 301 1675 malum
328 1624 484 1692 grauatum
511 1622 599 1693 atque
627 1615 668 1674 ita
696 1613 784 1674 simul
808 1615 979 1693 coquuntur
1002 1617 1033 1675 in
1057 1634 1147 1696 aqua3

133 1709 202 1782 post
225 1701 283 1762 hoc
306 1705 515 1780 exprimuntur
533 1703 631 1763 omnia
649 1709 679 1762 ct
698 1703 884 1781 coagitantur
903 1703 954 1763 diu
973 1721 1007 1763 ac
1027 1704 1053 1763 si
1071 1721 1147 1781 opus

134 1790 235 1869 fuerit,
258 1789 386 1850 adicitur
409 1789 481 1850 alica
500 1797 593 1870 cocta,
616 1797 650 1850 ut
668 1792 698 1850 in
716 1790 839 1851 modum
857 1789 950 1868 pultis
969 1793 1015 1851 sit.
1047 1790 1147 1852 Laetis

136 1896 255 1957 quoque
283 1877 388 1939 bubuli
414 1874 466 1939 dut
494 1877 654 1939 cuiuslibet
675 1876 701 1937 ll
724 1875 738 1936 Ι
761 1878 942 1939 admiscetur
965 1887 995 1939 et
1018 1881 1061 1939 sic
1084 1898 1148 1940 sor·

135 1966 232 2029 betur.
280 1964 312 2026 Si
338 1973 438 2026 autem
471 1966 648 2026 manducare
680 1967 765 2045 panis
797 1985 880 2027 more
908 1966 980 2027 illud
1008 1967 1148 2046 volueris,
1161 1983 1188 2022 so

136 2053 227 2116 addes
254 2054 315 2116 illic
343 2072 397 2115 ova
423 2056 541 2116 incocta
567 2056 625 2114 tria
652 2061 683 2114 et
709 2053 845 2133 polentae
871 2055 981 2115 nitidae
1004 2055 1147 2116 delicatae

137 2150 281 2221 quantum
306 2145 377 2204 satis
400 2144 466 2224 erit,
489 2150 524 2204 ut
545 2144 631 2222 panis
653 2143 720 2202 lieri
742 2161 779 2202 ex
802 2160 837 2202 eo
859 2144 963 2223 possit,
986 2145 1038 2222 qui
1059 2145 1148 2204 etiam

137 2229 263 2307 frigidus
286 2238 436 2290 comestus
459 2230 619 2307 plurimum
643 2229 774 2307 prodest.

84 2328 117 2378 18
225 2315 472 2378 Medicamentum
500 2317 536 2377 ad
564 2320 744 2378 torminosos
773 2318 945 2379 huiusmodi
974 2321 1046 2380 satis
1074 2319 1147 2381 utile

135 2411 194 2464 est:
218 2402 305 2464 Croci
327 2402 385 2464 lll
409 2412 439 2464 et
462 2405 537 2465 duae
560 2412 660 2483 partes
683 2407 844 2486 victoriati,
867 2406 953 2467 nardi
975 2405 1060 2488 XII,
1083 2427 1148 2469 aca-
1162 2422 1188 2463 aa

136 2494 198 2554 ciae
221 2489 321 2573 lllll,
350 2491 442 2570 gallae
464 2491 490 2552 ll
509 2491 563 2574 Ill,
591 2491 671 2554 aloes
693 2495 841 2555 victoriati
864 2513 934 2572 pars
956 2498 1057 2576 tertia,
1080 2496 1150 2575 lycii

135 2579 161 2640 ll
180 2579 207 2661 1,
230 2581 292 2659 opii
314 2579 340 2639 X
360 2580 394 2662 8,
419 2581 604 2661 tragacanthi
626 2581 652 2641 X
672 2581 692 2642 S
720 2590 750 2643 et
773 2584 862 2643 tertia
886 2585 964 2661 cius,
991 2586 1068 2644 turis
1090 2583 1149 2643 lll

137 2676 167 2730 et
185 2671 334 2731 victoriati
351 2677 451 2749 partes
470 2671 555 2751 duae,
573 2688 689 2749 myrrae
709 2670 735 2730 X
752 2670 788 2752 11,
806 2672 920 2749 piperis
934 2670 960 2730 ll
976 2671 1004 2731 S.
1035 2671 1148 2733 'lerun-

136 2765 187 2819 tur
216 2765 246 2819 et
269 2757 440 2820 cribrantur
463 2759 535 2821 haec
559 2757 716 2837 diligenter
739 2767 828 2837 atque
852 2777 887 2819 ex
910 2761 977 2819 vino
1001 2760 1078 2820 liunt
1099 2779 1149 2840 pa·

137 2846 209 2908 stilli
226 2846 321 2925 lupini
340 2848 561 2928 magnitudinis,
580 2847 688 2908 dantur
702 2865 770 2908 cum
785 2847 882 2908 tribus
896 2847 1010 2926 cyathis
1024 2848 1149 2928 liqtroris
1163 2865 1188 2905 so

138 2934 297 2996 cuiuslibet
320 2943 381 2996 tam
404 2935 469 3017 diu,
497 2953 653 3015 quousque
676 2936 845 3015 conveniat,
873 2943 907 2996 ut
932 2938 1061 2996 tormina
1084 2939 1149 2998 uni·

137 3040 222 3083 versa
245 3023 396 3084 sedentur.

87 3121 120 3170 19
227 3108 340 3170 Inmitti
368 3113 539 3172 torminosis
566 3129 620 3190 per
648 3111 805 3191 clysterem
838 3119 956 3191 oportet
982 3113 1085 3172 vinum
1113 3130 1150 3172 ex

137 3197 211 3273 piris
236 3196 365 3276 Syriacis
388 3200 499 3262 lactum
522 3218 591 3261 cum
615 3217 686 3261 suco
710 3198 900 3281 plantaginis3
923 3200 1048 3260 mirifice
1070 3203 1151 3261 enim

138 3282 288 3344 fecithoc
312 3286 476 3347 remedium
499 3295 529 3348 et
552 3287 653 3348 multis
677 3288 914 3365 experimentum
936 3288 1026 3349 dedit.
1164 3304 1190 3346 as

226 3469 372 3545 midae]
392 3469 513 3530 aradice.
568 3475 602 3526 26
621 3472 687 3528 licii.
742 3478 776 3528 Ἡ
795 3474 917 3530 tertiam.
972 3482 1005 3530 33
1020 3476 1150 3546 clystere.
