2422 3878
520 128 558 137 -
606 91 761 156 240—

103 267 106 272 ·
135 273 223 333 quam
247 253 336 314 alium
360 254 519 314 manducet
542 254 656 314 inlusos
680 255 712 312 in
735 271 824 333 aqua,
848 269 923 331 quos
943 253 1080 313 incoctos
1103 252 1150 313 vel

135 353 196 403 tres
225 351 276 403 aut
303 362 337 403 eo
366 342 506 423 amplius,
535 342 614 421 quod
642 350 742 402 tamen
768 348 830 401 non
854 343 893 402 sit
915 342 1054 421 nimium,
1084 343 1149 402 sine

135 450 210 510 pane
233 432 412 492 manducare
436 431 533 492 dehet.

81 535 115 585 66
223 519 301 581 Nitri
327 520 387 581 albi
414 519 586 581 matronalis
608 518 715 599 pilulas
740 521 872 598 quinque
899 517 946 579 vel
974 526 1090 597 septem
1118 520 1158 583 in,

137 618 219 670 aceto
248 611 392 670 acerrimo
422 607 532 688 solves,
560 627 595 668 ex
625 626 684 687 quo
713 606 845 686 singulos
873 606 994 686 cyathos
1020 625 1075 686 per
1098 609 1177 668 tri-s

83 714 116 762 67
137 699 228 759 ‹loum
257 698 370 758 lienoso
394 699 495 757 ieiuno
518 695 662 757 bibendos
686 696 777 757 dabis.
819 694 918 757 Herba
941 697 1090 757 vettonica
1113 714 1151 756 ex

137 789 203 847 vino
227 786 349 846 decocta
374 793 404 845 et
426 787 511 864 potui
533 785 654 846 lienosis
678 786 746 846 data
768 784 930 864 plurimum
954 784 1086 864 prodest.

81 886 115 935 58
224 874 257 933 Si
280 875 348 952 quis
371 874 408 934 de
431 872 533 953 splene
556 876 631 934 asini
649 874 779 935 arefacto
799 873 920 934 cottidie
939 875 1058 933 ieiunus
1078 891 1150 952 pan·

135 962 234 1023 sillum
256 962 424 1042 manducet,
446 964 488 1023 ita
510 970 649 1042 potenter
672 961 834 1042 sanabitur,
857 970 891 1022 ut
913 963 991 1022 intra
1014 961 1151 1022 triduum

81 1049 247 1111 motilitas
274 1051 400 1111 remedii
428 1051 517 1111 huius
546 1058 693 1131 appareat.
739 1050 838 1112 Herba
860 1049 997 1130 hippuris
1020 1052 1152 1111 contrita
1165 1065 1190 1105 ιο

136 1147 165 1198 ct
188 1157 256 1200 cum
279 1141 347 1199 vino
371 1147 491 1200 austero
516 1148 567 1200 aut
590 1157 659 1201 cum
682 1138 808 1218 oxymeli
835 1141 920 1219 potui
948 1138 1017 1199 data
1044 1146 1150 1217 poten·

82 1241 116 1287 66
138 1229 251 1287 tissime
278 1227 400 1289 lienosis
424 1230 582 1290 succurrit.
624 1227 758 1289 Hederae
782 1227 931 1288 silvaticae
954 1230 1056 1306 nigrae
1080 1226 1151 1288 lolia

137 1318 264 1376 contrita
283 1324 314 1377 et
332 1319 450 1378 euvino
466 1318 551 1397 potui
566 1317 631 1377 data
646 1316 768 1377 lienosis
782 1318 909 1376 maximo
923 1315 1031 1377 auxilio
1051 1325 1151 1397 eruut,

136 1407 176 1466 ita
195 1413 229 1466 ut
247 1407 344 1485 primo
363 1406 410 1466 die
428 1408 493 1485 tria,
512 1405 619 1466 deinde
635 1407 776 1487 quinque,
794 1407 884 1465 tertio
898 1411 1022 1485 septem,
1042 1411 1151 1483 quarto

136 1512 251 1575 novem,
270 1497 373 1572 quinto
388 1495 537 1574 undecim,
557 1501 639 1554 sesto
654 1494 807 1572 tredecim,
827 1494 953 1572 septimo
969 1492 1151 1575 quindecim,
1165 1508 1190 1548 15

137 1591 239 1644 octavo
263 1582 351 1665 XVll,
374 1602 453 1643 nono
476 1582 591 1663 XVllll,
614 1583 728 1642 decimo
752 1581 820 1641 XXI
844 1581 961 1642 dentur.

83 1684 115 1731 61
226 1670 421 1732 Utilissimum
444 1671 565 1732 lienosis
588 1671 645 1732 hoc
663 1670 830 1731 remedium
848 1679 907 1732 est:
931 1669 1042 1749 Caprae
1062 1669 1150 1731 lacta-

136 1779 185 1820 res
213 1760 401 1820 abstinentur
429 1779 445 1820 a
474 1759 540 1820 cibo
573 1778 626 1840 per
658 1759 808 1839 triduum,
839 1760 928 1819 tertio
962 1757 1009 1818 die
1038 1758 1151 1819 hedera

137 1849 340 1909 tantummodo
371 1856 543 1910 saturantur
570 1857 600 1909 et
624 1847 814 1928 mulguntur,
846 1853 1005 1926 antequam
1033 1845 1151 1928 bibant3

136 1939 162 1996 si
194 1956 230 1997 ex
263 1957 297 1998 eo
330 1937 405 1999 lacte
439 1939 584 1998 sextarios
614 1944 677 1998 tres
704 1954 759 2016 per
786 1936 918 2014 triduum
947 1934 1059 1996 calidos
1093 1945 1151 1996 sta·
1165 1950 1190 1989 2⁰

136 2027 203 2107 tim,
233 2027 380 2104 quomodo
410 2026 498 2087 mulsi
530 2027 656 2106 luerint,
686 2027 804 2086 ieiunus
836 2024 967 2084 lienosus
999 2027 1151 2104 acceperit

135 2115 189 2194 ita,
213 2125 246 2173 nt
270 2114 367 2175 nullos
394 2115 467 2197 alios
496 2115 578 2176 cibos
605 2113 655 2174 illo
684 2114 785 2175 triduo
810 2113 981 2193 manducet,
1009 2119 1150 2192 potenter

135 2199 296 2262 sanabitur.

83 2302 116 2352 62
225 2288 358 2348 Irenacei
385 2289 444 2350 lien
467 2308 552 2350 assos
574 2292 605 2349 in
630 2289 696 2350 cibo
720 2298 857 2369 sumptus
880 2289 1027 2350 lienosum
1050 2290 1149 2351 effica-

82 2391 115 2440 63
136 2379 210 2437 citer
234 2395 340 2438 curare
359 2379 464 2438 fertur.
500 2377 678 2457 Vulpeculae
698 2382 786 2440 etiam
805 2381 889 2438 iecur
907 2378 1024 2440 aridum
1043 2381 1150 2439 tritum
1164 2391 1188 2433 2⁵

81 2480 116 2528 64
136 2484 203 2526 cum
232 2466 359 2544 oxymeli
386 2467 488 2527 datum
517 2466 638 2527 lienosis
670 2470 745 2529 mire
778 2467 923 2528 medetur.
973 2465 1151 2528 Coclearum

137 2553 359 2616 combustarum
380 2557 455 2616 cinis
479 2574 546 2616 cum
570 2556 623 2616 lini
647 2559 758 2617 semine
783 2563 871 2634 atque
895 2556 1010 2616 urticae
1034 2557 1150 2617 semine

138 2646 226 2706 tritus
246 2645 361 2706 adiecto
380 2644 477 2727 melle,
500 2644 580 2724 quod
599 2647 671 2705 satis
691 2644 847 2726 videbitur,
870 2643 992 2704 adsidue
1012 2662 1029 2704 a
1046 2645 1150 2705 ieiuno

83 2747 116 2793 66
138 2734 250 2795 lienoso
273 2743 414 2813 acceptus
437 2736 515 2794 intra
538 2752 650 2812 paucos
671 2734 734 2794 dies
753 2751 821 2794 eum
841 2732 963 2793 sanabit.
1001 2730 1151 2794 Lienosus

136 2825 255 2903 ‹tryfera
279 2824 400 2884 adsidue
425 2821 527 2883 bibere
551 2821 641 2883 dehet
663 2829 694 2883 et
716 2822 786 2882 dum
810 2828 942 2902 curatur,
961 2822 992 2880 in
1011 2827 1150 2882 ventrem
1163 2835 1187 2875 ³0

81 2923 115 2971 66
136 2912 224 2973 debet
247 2915 352 2973 iacere.
390 2911 467 2972 Ruta
486 2930 553 2972 cum
572 2912 658 2991 adipe
677 2913 815 2972 anserino
833 2909 880 2970 vel
899 2908 1059 2988 gallinaceo
1080 2929 1151 2971 con-

82 3011 116 3060 67
137 3003 205 3060 trita
229 3020 327 3079 panno
350 3001 471 3063 inducta
495 3010 525 3061 et
546 3000 618 3061 lieni
643 3001 770 3080 inposita
789 2999 873 3059 sedat
891 2998 1031 3073 dolorem.
1066 2997 1149 3059 Ster-

138 3106 191 3147 cus
210 3107 357 3166 aprunum
373 3092 485 3151 siccum
500 3093 663 3151 contritum
678 3108 713 3150 ex
728 3091 795 3149 vino
809 3089 895 3167 potui
908 3087 1010 3148 datum
1023 3086 1151 3167 pulchre

136 3193 196 3233 non
221 3175 317 3235 solnm
339 3177 459 3260 splenis,
483 3178 535 3239 sed
559 3187 589 3238 et
612 3180 728 3238 renium
752 3176 847 3236 dolori
871 3176 1015 3237 medetur.

200 3298 202 3304 ’
227 3315 259 3362 11
285 3310 424 3378 oxymelli.
481 3316 513 3365 19
536 3311 700 3380 mnlguntur
719 3310 789 3380 (sic).
844 3317 878 3366 20
896 3310 1033 3382 triduum]
1054 3309 1152 3367 duum.

137 3387 172 3434 24
189 3379 333 3435 irenascei.
397 3385 431 3434 26
450 3396 547 3434 curare
565 3381 665 3453 fertur]
683 3397 794 3436 accurre
812 3383 939 3438 refertur.
1001 3381 1150 3451 vnlpicnli.

136 3457 170 3506 26
191 3451 321 3507 oximelli.
394 3456 428 3504 26
447 3450 567 3508 adiecto.
638 3459 672 3507 29
691 3455 830 3522 acceptos.
902 3458 937 3508 34
955 3453 1093 3508 medetur.
