2422 3878
486 143 684 197 ..v-

77 321 138 362 non
152 302 265 360 extent.
297 299 414 358 Desunt
427 299 459 357 in
472 297 573 358 oodioe
588 317 613 358 e.
627 315 650 358 o.
665 299 752 357 haee:
770 319 799 374 p.
815 299 908 377 39,31
926 303 953 358 et
964 301 1095 373 septima,

80 401 175 477 55‚11
192 399 290 470 rafae,
311 397 405 473 55,32
422 397 530 462 tritam,
551 396 644 472 57‚31
660 397 704 454 rei
718 395 886 464 aotlisimes,
907 398 1001 470 90‚33
1018 400 1097 458 aeris

77 500 137 557 asti
150 495 208 572 IIS,
225 495 341 570 146,16
363 493 548 568 Umatamm
564 523 602 532 -
620 494 756 569 medetur,
771 495 890 571 267,14
904 495 986 567 sami
997 497 1097 568 araeoi

78 597 149 654 oeae
171 593 306 652 mmadoti
329 595 355 649 et
372 591 422 649 toti
440 592 626 663 quartarium
649 595 683 658 et,
708 591 824 666 282,33
844 591 952 658 hordei,
976 593 1094 665 288‚32

79 709 175 766 oquae
201 689 355 749 amthirme
382 689 497 761 cyathos
524 692 643 755 tressi,
672 689 789 765 290,25
815 705 850 748 err
871 690 952 756 aima,
978 691 1095 767 soem

78 789 223 864 saqapemi
251 784 363 862 XIIII,
394 785 521 858 ymmmis
552 783 661 862 XIIII,
698 786 864 845 artemisiae
895 787 958 846 smi
989 786 1095 844 XIIII.

79 885 212 944 Exhibet
226 884 326 958 codex,
345 900 413 941 oum
432 881 464 940 in
478 880 614 941 Oornarii
629 882 758 942 editione
773 881 988 957 desiderentur,
1007 883 1096 943 haee:

79 1003 109 1058 p.
125 983 221 1054 265‚3
237 982 354 1040 sommis
370 1011 408 1021 -
422 979 447 1054 Ι,
459 980 629 1052 petroselini
641 981 825 1040 Macedonici
841 1011 879 1020 —
891 979 914 1053 Ι,
932 1000 960 1056 p.
977 980 1094 1054 300‚26

79 1078 187 1138 SeiIIae
214 1079 297 1137 albae
328 1095 423 1153 usque
456 1076 495 1134 ed
521 1097 550 1152 p.
571 1079 687 1155 303‚17
721 1080 755 1138 rte
782 1078 925 1137 stomacho
954 1082 1096 1151 correpto.

81 1175 164 1246 Quae
188 1194 256 1234 oum
278 1174 322 1233 ita
345 1175 415 1253 sint,
438 1174 592 1234 exordium
615 1175 723 1250 cepitis
746 1174 892 1233 XXVIIII
914 1174 946 1232 in
965 1174 1107 1248 editi0ne

81 1272 216 1348 principe
248 1273 331 1330 uliud
359 1273 406 1330 est
439 1273 529 1347 atque
562 1271 593 1330 in
621 1273 730 1332 codiee.
776 1271 832 1332 Hie
865 1271 963 1331 oensis
995 1274 1095 1332 motus

83 1367 261 1429 (ternarium
284 1369 343 1428 alio
372 1368 471 1428 codiee
494 1387 583 1428 usum
612 1388 678 1429 esse
702 1368 853 1442 existimo,
882 1369 935 1428 sed
961 1387 1021 1428 non
1043 1387 1096 1427 ne·

81 1466 218 1543 gaverim
240 1466 328 1525 illum
350 1465 542 1525 Laudunensi
565 1466 643 1526 libro
666 1466 759 1526 fuisse
783 1465 976 1525 simillimum.

151 1562 288 1622 Ceruarii
318 1564 435 1622 textum
464 1567 640 1639 receperunt
670 1563 784 1622 Aldus
815 1555 942 1643 (Medici
971 1563 1094 1639 antiqui.

82 1660 189 1720 Venet.
221 1655 322 1740 1547)
355 1663 385 1719 et
419 1660 624 1736 Stephanus
659 1652 806 1742 (Medioae
840 1660 914 1720 artis
946 1661 1095 1736 prinsipes

85 1750 193 1838 1567).
605 1792 607 1796 2

150 1898 262 1974 Scripsi
284 1899 441 1976 Augustae
464 1898 688 1960 Viudelioorum

208 2013 310 2055 mense
333 1995 502 2090 Septembri
527 1998 620 2056 1889.
