2422 3878
445 108 759 171 --oa-

148 270 195 329 dia
224 270 338 330 libanu:
375 270 511 330 Cadmiae
540 271 650 351 XlS,
677 290 816 332 cerussae
841 271 911 351 XI,
938 273 1015 332 turis
1040 275 1162 335 masculi

148 357 220 437 XI,
244 360 304 437 opii
327 358 396 438 XI,
424 361 552 437 gummis
576 358 641 419 XI.
682 361 766 439 Aqua
795 361 914 439 pluviali
942 360 1064 438 coIIIges
1093 363 1163 423 haec

149 447 285 507 similiter
309 455 396 508 tunsa
420 458 508 526 atque
532 448 661 508 cribrata
689 456 777 527 atque
806 453 846 510 ita
870 449 989 529 collyria
1012 448 1163 512 formabis

96 535 251 614 aoeHygra
282 536 318 595 ad
347 539 576 615 suppurationes
604 537 759 598 oculorum
787 539 943 598 conficitur
976 540 1033 598 sic:
1078 539 1165 601 Croci

151 624 243 684 Siculi
260 624 286 683 X
305 626 327 705 I,
351 628 426 685 turis
450 625 573 686 masculi
593 625 617 686 X
637 627 663 707 Ι,
687 645 723 686 ex
746 627 833 686 melle
857 630 967 706 optimo
988 626 1187 707 despumatoa

149 713 222 773 haec
245 713 321 774 hene
345 716 415 774 trita
439 713 559 792 coIIIges
583 722 704 775 etcum
728 733 763 774 eo
786 718 871 793 prius
899 716 974 775 hene
1004 720 1165 793 permisce-

96 802 200 868 aoobis
224 812 253 862 et
277 804 320 863 sic
345 802 464 882 collyria
489 803 589 864 iacies.
635 803 796 883 Collyrium
818 804 912 884 idem,
939 803 969 863 id
994 813 1040 864 est
1063 805 1165 885 hygra,

150 893 257 970 recipit
280 891 366 952 haec:
403 891 490 952 Croci
512 891 611 968 XIII,
635 894 712 953 aeris
735 895 796 952 usti
819 891 901 974 XV,
925 893 1056 953 cadmiae
1080 893 1107 952 X
1132 894 1165 975 ll,

149 980 317 1040 haematitis
340 979 408 1039 XV
428 980 456 1059 8,
481 980 543 1041 lolii
566 979 632 1055 XI,
656 984 764 1041 amomi
787 980 853 1063 XI,
877 981 946 1041 stibi
973 980 1039 1062 XI,
1064 1000 1164 1043 cerus-

150 1086 199 1128 sae
223 1068 289 1149 XI,
313 1088 429 1148 myrrae
452 1068 478 1128 X
498 1069 519 1149 Ι,
543 1071 603 1148 opii
626 1068 652 1128 X
672 1069 697 1150 I,
720 1072 833 1147 piperis
857 1069 915 1130 albi
938 1068 1009 1148 XI,
1035 1075 1164 1148 gummis
1178 1089 1201 1129 ro

149 1156 221 1216 XII
241 1157 274 1238 S,
298 1160 365 1217 vino
387 1158 511 1218 Amineo
534 1166 622 1217 tunsa
646 1166 676 1218 et
695 1158 823 1219 cribrata
841 1159 915 1218 haec
934 1157 1056 1236 colliges
1076 1168 1165 1238 atque

97 1249 194 1309 amita
214 1244 333 1324 collyria
352 1246 501 1306 formabis.
529 1246 689 1326 Collyrium
705 1245 734 1305 di
750 1246 829 1306 aloes
844 1248 1001 1307 conficitur
1016 1248 1073 1309 sic:
1093 1248 1165 1310 Cad-

150 1335 225 1393 miae
249 1333 274 1392 X
293 1332 306 1392 I
326 1334 355 1414 8,
378 1335 546 1395 haematitIs
570 1333 645 1406 XV,
670 1337 845 1395 ammoniaci
870 1335 895 1394 X
915 1334 928 1394 I
947 1334 976 1415 8,
1000 1338 1062 1414 opii
1085 1337 1112 1396 X
1137 1338 1165 1418 8,

151 1424 227 1482 aeris
251 1425 312 1483 usti
330 1423 355 1482 X
376 1424 405 1504 8,
428 1424 507 1484 aloes
526 1424 552 1483 X
570 1422 606 1502 ΙΙ,
631 1425 781 1500 aeruginis
800 1423 826 1482 X
842 1424 871 1505 8,
895 1427 1074 1503 opopanacis
1095 1426 1121 1485 X
1137 1427 1165 1506 8,

151 1511 220 1572 salis
243 1515 419 1573 ammoniaci
441 1512 507 1594 XI,
529 1511 646 1591 galbani
670 1511 695 1570 X
715 1511 744 1592 8,
769 1531 884 1592 myrrae
903 1512 930 1572 X
950 1512 979 1593 8,
1003 1512 1081 1574 settis
1100 1523 1203 1576 tau-15

151 1602 210 1660 riui
232 1601 258 1660 X
279 1601 307 1681 8,
331 1600 445 1679 lepidae
463 1599 490 1659 X
510 1601 539 1680 8,
562 1603 690 1677 gummis
709 1600 735 1659 X
754 1601 767 1660 I
786 1601 814 1661 8.
856 1601 929 1662 Cum
949 1620 1024 1679 aqua
1043 1603 1167 1680 plumali

97 1690 228 1751 211haec
256 1692 287 1749 in
315 1689 467 1767 pulverem
498 1689 616 1748 redacta
645 1698 725 1749 teres
754 1697 784 1749 et
807 1689 957 1750 formabis.
1003 1689 1165 1770 CollyrIum

151 1778 198 1838 dia
218 1796 352 1858 smyrnes
372 1779 479 1854 recipit
497 1776 584 1838 haec:
608 1777 695 1838 Croci
713 1777 774 1858 XI,
798 1778 929 1838 cadmiae
948 1777 974 1836 X
994 1778 1024 1859 8,
1048 1779 1166 1841 haema·

151 1869 213 1927 titis
236 1866 262 1926 X
282 1867 303 1945 I,
326 1884 442 1945 myrrae
465 1865 491 1924 X
511 1865 540 1946 S,
563 1869 653 1926 misui
675 1866 701 1925 X
723 1866 752 1947 8,
775 1869 887 1946 piperis
911 1867 937 1926 X
957 1867 986 1947 8,
1010 1870 1071 1946 opii
1090 1869 1115 1928 X
1136 1871 1165 1952 8,

151 1957 278 2032 gummis
299 1955 322 2014 X
341 1955 374 2034 83
393 1953 545 2033 pulverem
560 1957 768 2015 tenuissimum
782 1955 889 2015 harum
908 1958 1075 2034 specierum
1096 1977 1166 2018 cum
1180 1977 1205 2015 ro

98 2057 149 2104 212
157 2046 223 2102 vino
244 2053 343 2103 vetere
362 2052 442 2102 teres
461 2053 491 2103 et
510 2043 629 2123 collyria
647 2044 716 2103 inde
736 2043 886 2104 formabis.
923 2043 1021 2123 Hygra
1040 2046 1075 2105 ad
1097 2065 1166 2126 sup-

151 2133 323 2208 purationes
347 2131 501 2191 oculorum
525 2134 631 2212 recipit
654 2132 741 2192 haec:
776 2132 912 2192 Cadmiae
936 2132 961 2191 X
983 2132 1055 2211 VIII,
1080 2137 1167 2213 spodi

151 2218 262 2298 XIIII,
287 2219 357 2279 stibi
379 2218 404 2278 X
424 2219 488 2300 VII,
512 2224 592 2280 croci
618 2221 710 2280 Siculi
733 2220 759 2280 X
779 2220 838 2300 VII,
862 2221 953 2281 amuli
975 2221 1000 2280 X
1020 2220 1080 2302 VII,
1104 2227 1166 2302 opii

150 2306 263 2386 XIIII,
290 2311 418 2386 gummis
441 2308 548 2370 XIIII.
594 2308 673 2369 Haec
700 2311 732 2368 in
759 2309 913 2388 pulverem
936 2310 1165 2372 subtilissimum

97 2396 274 2458 213redacta
303 2416 371 2457 cum
399 2416 474 2477 aqua
500 2397 621 2475 pluviali
644 2406 724 2457 teres
747 2406 778 2458 et
800 2397 951 2459 formabis.
997 2398 1165 2481 Descriptio
1179 2418 1205 2457 aa

151 2484 352 2565 xerocollyrii,
382 2486 460 2564 quod
492 2485 723 2564 calliblepharon
756 2487 880 2547 dicitur:
926 2486 1042 2565 PIperis
1074 2523 1114 2533 -
1145 2490 1165 2570 I,

152 2572 233 2633 stibii
257 2606 298 2615 —
317 2573 338 2654 I,
363 2574 425 2634 lolii
451 2607 489 2616 —
511 2574 532 2655 I,
556 2574 661 2654 lapIdis
683 2574 805 2654 Phrygii
827 2575 859 2636 P.
878 2574 899 2654 I,
924 2594 1013 2654 quem
1038 2576 1165 2655 lapidem

151 2662 265 2723 diuides
292 2665 324 2722 in
351 2670 451 2742 partes
480 2671 593 2742 septem
623 2671 653 2722 et
679 2663 840 2745 conbures,
868 2663 1047 2725 conbustum
1071 2669 1165 2727 eutiu-

32 2741 33 2745 ’
151 2770 225 2831 gues
252 2752 309 2812 hoc
337 2752 440 2812 modo:
485 2770 575 2812 unam
607 2760 721 2831 partem
749 2755 780 2812 in
807 2752 952 2831 balsamo,
982 2753 1105 2814 alteram
1134 2759 1164 2816 in

152 2841 316 2920 omphacio,
335 2844 452 2902 tertiam
472 2841 503 2900 iu
522 2840 598 2900 lacte
616 2840 764 2922 muliebri,
783 2848 917 2919 quartam
937 2844 968 2901 in
983 2844 1061 2923 vino,
1080 2847 1165 2922 quin·
1179 2862 1205 2901 oo

151 2939 211 2989 tam
231 2933 261 2990 iu
284 2932 369 2990 urina
386 2930 516 3009 infantis,
536 2938 648 2989 sextam
667 2930 699 2989 iu
717 2929 834 3010 butyro,
854 2932 1008 3008 septimam
1027 2933 1059 2991 in
1078 2933 1166 2993 melle

151 3017 262 3098 Attico,
281 3037 357 3097 quae
376 3020 473 3079 omnia
493 3021 524 3077 in
544 3020 776 3078 mInutissimum
795 3018 948 3096 pulverem
967 3019 1086 3081 redacta
1109 3024 1166 3081 cri·

150 3103 294 3182 hrataque
322 3106 474 3187 miscebis,
503 3106 581 3186 quod
610 3108 635 3166 si
662 3108 761 3165 acrius
789 3123 854 3165 esse
884 3107 1027 3189 volueris,
1055 3109 1167 3170 adicies

223 3260 237 3307 1
265 3253 424 3326 dialibanu]
453 3257 612 3325 diadianoy.
730 3263 748 3310 4
776 3255 851 3311 croci
880 3257 979 3332 Siculi]
1010 3260 1166 3318 crocodilli.

152 3331 186 3379 11
207 3325 355 3378 ammineo.
442 3331 474 3378 12
494 3325 626 3380 diecoles.
709 3331 742 3380 15
760 3326 870 3383 mitrae.
955 3337 989 3386 18
1008 3331 1166 3388 diasmiras.

150 3402 184 3451 21
204 3399 299 3450 vetere
317 3394 403 3466 teres]
423 3399 541 3450 veteres.
631 3401 665 3451 26
684 3392 864 3466 xyrocollirii.
955 3402 1167 3460 callebleforun.

150 3473 184 3522 27
203 3465 297 3536 iryin.
369 3471 403 3521 30
422 3465 550 3522 omlacio.
