2422 3878
576 143 812 206 -366-

187 304 252 375 Quo
280 305 474 365 medicamine
501 304 675 382 refrigerato
701 305 746 363 uti
769 303 925 363 conveniet
947 319 1003 379 pro
1030 300 1211 380 malagma

188 392 235 454 vel
258 393 418 472 emplastro
442 393 477 453 ad
501 410 544 473 ea,
568 410 642 470 quae
667 409 755 469 supra
779 393 890 468 scripta
912 399 990 452 sunt.

553 584 656 645 ,GAP
680 583 807 644 xxxvi.

213 699 268 754 Ad
294 698 478 766 podagram
506 695 650 751 calidam
678 698 713 750 et
738 694 897 763 frigidam
926 696 961 748 et
988 693 1192 764 chiragram

310 783 460 840 remedia
482 784 623 852 physica
659 786 694 839 et
709 781 924 839 rationabilia
946 781 1087 838 diversa

535 873 578 927 da
604 872 853 942 experimentis.

154 1019 168 1065 1
276 1005 437 1084 Podagram
465 1007 538 1068 lenit
566 1025 708 1087 oesypum
731 1025 799 1068 cum
822 1006 897 1067 lacte
919 1005 1057 1066 mulieris
1082 1013 1118 1068 et
1143 1025 1209 1068 cum

188 1112 309 1155 cerussa
337 1095 518 1176 adpositum3
545 1097 632 1157 limus
661 1114 780 1175 quoque
803 1094 933 1156 bubulus
956 1112 1066 1154 recens
1093 1095 1208 1157 calidus

189 1194 219 1244 et
246 1182 401 1262 pulmones
429 1184 553 1261 pecudis
586 1183 673 1244 calidi
705 1191 843 1244 recentes
876 1190 906 1243 et
935 1181 975 1242 lel
1001 1185 1112 1244 arietis
1143 1203 1208 1246 cum

189 1289 258 1332 sevo
287 1289 341 1333 suo
369 1280 399 1332 et
422 1273 510 1332 fimus
533 1271 708 1351 gallinarum
731 1289 838 1332 recens
861 1271 1014 1349 adpositus
1038 1270 1209 1350 plurimum

188 1362 268 1421 iuvat
295 1379 411 1420 necnon
440 1369 469 1420 et
497 1360 613 1421 cocleae
642 1360 795 1420 Africanae
824 1362 905 1421 cum'
920 1377 973 1419 sua
1000 1376 1096 1420 carne
1131 1380 1209 1423 com·

188 1448 292 1511 bustae
317 1451 451 1527 cinisque
476 1466 578 1509 earum
602 1467 637 1508 ex
660 1450 730 1508 vino
753 1447 856 1508 inlitus
879 1448 1025 1508 medetur.

154 1546 169 1596 2
278 1537 418 1598 Cerotum
446 1537 602 1597 adversum
630 1536 740 1614 pedum
764 1536 880 1596 dolores
903 1535 960 1596 hoc
983 1534 1074 1595 modo
1101 1538 1209 1599 facies:

189 1625 254 1686 Olei
272 1625 370 1705 pondo
390 1624 424 1705 ll,
448 1623 593 1685 medullae
613 1626 748 1685 cervinae
767 1627 871 1685 uncias
891 1642 951 1706 sex,
970 1625 1090 1684 resinae
1113 1625 1209 1686 frixae

189 1717 291 1775 uncias
315 1732 375 1793 sex,
399 1712 499 1791 butyri
522 1715 639 1773 unciam
663 1731 760 1773 unam
794 1711 874 1773 llaec
893 1710 1004 1790 pariter
1022 1713 1056 1772 in
1076 1715 1210 1776 caccabo

189 1802 344 1862 solvuntur
363 1810 393 1861 et
412 1801 556 1881 colantur,
577 1809 680 1880 postea
699 1801 809 1862 adicies
828 1800 882 1861 lini
900 1801 1022 1860 seminis
1041 1800 1210 1885 heminam,

189 1890 267 1949 faeni
285 1891 384 1968 graeci
402 1888 560 1968 heminam,
584 1908 659 1969 quae
682 1891 723 1950 ita
741 1891 853 1968 pariter
872 1905 1050 1968 concoques,
1074 1898 1111 1950 ut
1133 1895 1209 1970 spis·

190 1995 256 2038 sum
280 1981 330 2057 sit3
354 1977 461 2037 deinde
484 1977 596 2038 celabis
619 1986 649 2038 et
668 1978 705 2038 de
724 1980 789 2056 ipso
809 1977 903 2038 colato
922 1979 963 2037 ita
982 1975 1113 2038 densum
1135 1987 1209 2041 tem·

189 2066 316 2145 perabis,
341 2065 434 2125 donec
459 2065 652 2144 emplastrum
675 2067 773 2127 iacias.

154 2163 169 2210 a
278 2153 453 2214 Remedium
480 2156 687 2233 paregoricum
716 2153 752 2214 ad
782 2154 941 2232 podagram
969 2154 1025 2212 sic:
1060 2153 1209 2233 Cupress'

189 2240 277 2300 bacas
296 2240 405 2300 virides
426 2248 498 2318 quot
516 2241 646 2301 volueris
665 2241 797 2319 decoque
817 2259 853 2301 ex
872 2259 948 2319 aqua
966 2241 1090 2322 marina,
1108 2243 1210 2306 donec

190 2327 292 2386 molles
320 2329 404 2406 fiant3
433 2326 540 2387 deinde
569 2328 718 2389 contunde
746 2331 777 2388 in
805 2327 863 2406 pila
891 2336 922 2388 et
944 2327 1071 2389 subinde
1096 2347 1210 2410 aquam

190 2415 332 2493 adsparge
360 2422 390 2474 et
420 2414 556 2475 manibus
586 2415 704 2496 subige,
736 2424 770 2478 ut
802 2427 951 2494 tamquam
978 2415 1126 2494 malagma
1158 2423 1198 2482 sit

190 2503 258 2564 inde
281 2505 359 2563 iuter
382 2504 466 2563 initia
490 2502 601 2563 doloris
624 2505 752 2586 impone,
778 2506 877 2565 statim
901 2503 1086 2582 mitigabitur
1109 2506 1210 2570 dolor.

154 2602 171 2649 t
277 2590 418 2669 Malagma
437 2591 676 2653 efficacissimum
694 2593 730 2653 ad
748 2593 908 2672 podagram
927 2595 983 2654 sic:
1002 2592 1109 2653 Carnis
1125 2600 1201 2675 agni

190 2699 243 2740 nae
266 2680 298 2742 P.
317 2679 362 2760 Vl,
386 2683 524 2759 caprinae
543 2680 575 2742 P.
594 2681 640 2763 Vl,
664 2680 790 2742 bubulae
813 2681 994 2743 masculinae
1017 2681 1118 2759 pondo
1146 2703 1202 2746 sex

189 2771 264 2847 picis
291 2769 420 2847 liquidae
444 2768 474 2828 P.
494 2768 517 2827 V
546 2769 592 2828 vel
620 2772 709 2829 etiam
731 2769 781 2850 Vl,
810 2772 882 2830 nitri
904 2769 936 2830 P.
955 2768 1032 2848 Vlll,
1059 2768 1205 2834 bacarum

190 2859 318 2935 iuniperi
336 2856 435 2935 pondo
455 2875 516 2936 sex,
536 2875 621 2917 cerae
640 2857 672 2917 P.
687 2857 799 2918 decem.
829 2857 908 2918 Haec
928 2859 1025 2917 omnia
1044 2874 1203 2940 concerpe

191 2945 348 3024 contunde,
372 2962 468 3023 coque
492 2952 522 3005 et
541 2963 609 3005 cum
628 2945 773 3024 liquidum
793 2946 883 3006 luerit
901 2945 1095 3026 medicamen,
1120 2949 1206 3011 adic

192 3050 294 3110 cepam
326 3039 357 3092 et
389 3032 514 3093 subinde
548 3036 694 3110 permisce
727 3041 757 3094 et
790 3033 895 3094 deinde
924 3032 1080 3112 galbanum
1111 3039 1204 3100 mitte

192 3128 334 3196 quantum
350 3122 552 3181 aestimaveris
567 3121 704 3182 sufficere
719 3140 816 3201 posse,
830 3131 861 3183 et
875 3120 999 3182 subinde
1013 3123 1100 3198 agita.
1122 3124 1206 3196 Qua

192 3224 260 3265 cum
283 3206 358 3267 bene
383 3207 540 3285 liquefacta
564 3216 594 3269 et
617 3212 775 3270 commixta
797 3210 917 3289 fuerint,
943 3209 1052 3269 adicies
1076 3211 1195 3293 sulphu

192 3301 222 3351 et
245 3295 357 3354 nitrum
382 3303 412 3354 et
434 3294 522 3356 bacas
545 3295 621 3357 lauri
644 3307 796 3377 contusas3
818 3297 925 3358 deinde
949 3314 1016 3358 cum
1040 3294 1120 3359 bene
1140 3321 1202 3382 per

282 3487 297 3534 3
318 3481 465 3551 oesypum]
484 3482 519 3549 cs.
535 3481 614 3537 Plin.
627 3501 655 3538 a.
669 3483 695 3538 lt.
710 3490 752 3552 30,
768 3489 809 3537 76.
