2422 3878
550 131 765 196 ..34-

152 295 274 375 ligatum
299 305 329 355 et
352 296 442 372 capiti
465 293 682 354 circumdatum
706 292 802 354 dolori
828 297 892 356 eius
916 295 1031 356 mederi
1050 305 1166 358 constat

152 403 207 445 nec
231 385 330 445 miuus
352 382 475 444 herbam
495 381 671 463 polygouon,
694 400 782 460 quam
802 384 919 444 rubiam
938 402 1087 456 vocamus,
1112 387 1167 446 cir·

97 487 132 536 45
153 472 319 534 cumdatam
348 473 438 551 capiti
465 470 597 531 dolorem
625 470 730 531 tollere
759 475 875 551 experti
897 490 1010 533 sumus.
1056 473 1167 535 Romus

152 565 254 641 spinae
273 560 355 622 albae
375 559 512 638 alligatus
530 560 619 638 capiti
639 559 800 620 efficaciter
813 561 959 641 medetur,
976 565 1080 640 senapi
1094 581 1166 642 quo·

152 670 210 730 que
225 669 293 711 cum
307 659 374 710 ruta
389 657 419 710 et
434 667 508 727 aqua
528 650 632 708 tritum
652 655 682 708 et
700 648 737 708 ad
755 647 851 709 mellis
870 649 1102 711 crassitudinem
1122 670 1166 712 re·
1187 666 1197 708 5

98 752 132 801 46
152 741 280 800 dactum.
312 737 427 798 Corona
447 755 482 796 ex
497 735 588 796 herba
603 736 817 816 hierabotane,
832 756 920 816 quam
937 756 992 799 nos
1006 739 1167 801 verbenam

98 840 133 889 47
152 828 288 905 dicimus,
312 826 388 886 lacta
409 827 559 903 capitique
578 827 706 903 inposita
726 824 843 885 dolores
864 825 947 886 tollit
985 826 1167 890 cucurbitae

152 915 254 976 viridia
278 923 411 974 ramenta
432 912 556 974 cerebro
575 914 704 992 inposita
722 913 887 976 infantibus
906 933 1035 997 quoque,
1060 919 1166 996 quiex

153 1002 255 1064 dolore
292 1004 398 1080 capitis
434 1019 575 1062 nauseam
610 1004 779 1081 patiuntur,
816 1002 996 1064 validissime
1029 1013 1165 1084 prosunt.

98 1104 133 1153 48
152 1091 250 1153 llerba
284 1099 418 1152 strumus
450 1093 578 1150 contrita
612 1100 642 1149 ct
675 1109 744 1151 cum
777 1090 841 1151 oleo
874 1094 1019 1170 permixta
1058 1096 1198 1172 inposiro

153 1189 241 1259 taque
265 1178 450 1257 temporibus
474 1189 505 1238 et
527 1186 589 1239 toto
614 1181 734 1257 corpori
757 1197 825 1240 cum
848 1182 913 1259 ipso
937 1179 1003 1241 oleo
1021 1182 1165 1260 perducta

152 1267 368 1330 incredibiliter
387 1275 417 1328 et
436 1269 541 1345 capitis
561 1267 693 1327 dolorem
712 1266 788 1328 tollit
807 1277 837 1328 et
855 1268 1039 1350 languorem,
1058 1272 1165 1350 siquis

98 1370 132 1418 49
152 1359 255 1438 fuerit,
279 1374 405 1435 corpore
429 1356 560 1417 discutit.
597 1355 690 1417 Radix
713 1359 848 1435 cupressi
872 1360 971 1419 tenuis
995 1361 1088 1437 capiti
1110 1361 1164 1420 cir·

98 1460 133 1507 5ο
152 1446 290 1508 cumdata
316 1445 455 1506 dolorem*
479 1447 544 1506 cius
571 1444 656 1506 levat.
701 1443 796 1505 Bacae
819 1445 896 1507 lauri
918 1448 1016 1524 inpari
1039 1464 1164 1508 numero

152 1537 296 1597 contritae
325 1543 355 1596 et
383 1535 447 1595 olco
476 1535 591 1595 adiecto
618 1533 712 1593 calido
741 1535 833 1595 lronti
860 1537 1005 1614 inpositae
1028 1545 1195 1614 prosuutu

99 1637 131 1686 51
152 1625 258 1686 Oleum
277 1643 312 1685 ex
328 1641 404 1684 nuce
418 1622 565 1702 iuglande,
581 1640 656 1699 quae
670 1622 875 1704 manducatur,
893 1641 1070 1702 expressum
1088 1624 1165 1686 subi·

151 1723 215 1776 tum
247 1715 352 1791 capitis
380 1710 526 1788 dolorem,
559 1712 585 1770 si
612 1728 646 1770 eo
675 1712 867 1792 peririoetur,
900 1715 975 1772 mire
1004 1715 1164 1792 conpescit

98 1813 132 1862 62
152 1801 260 1863 Malum
280 1800 454 1879 cydoneum,
473 1797 619 1875 palmcdae
635 1801 775 1878 quinque,
793 1802 948 1880 papaveris
962 1810 1054 1881 caput
1073 1819 1164 1863 unum

152 1892 271 1968 dempto
295 1890 408 1949 semiue
440 1904 536 1964 usque
563 1886 598 1946 ad
628 1895 769 1965 quattuor
792 1889 913 1969 cyathos
936 1907 1006 1950 cum
1028 1907 1107 1970 aqua
1129 1890 1163 1951 ad

151 1980 256 2039 tertias
287 1976 443 2037 decoctum
472 1983 502 2034 et
530 1993 599 2035 cum
626 1975 721 2036 mulsa
748 1995 822 2055 aqua
846 1980 930 2056 potui
956 1979 1059 2038 datum
1084 1979 1197 2039 valdeao

98 2079 133 2127 53
151 2065 282 2145 prodest.
328 2062 410 2123 Folia
438 2063 508 2123 mali
534 2063 640 2124 Punici
654 2064 826 2143 diligenter
852 2068 980 2126 contrita
1003 2075 1034 2127 et
1058 2067 1163 2128 deinde

151 2171 242 2215 sucus
263 2171 367 2213 eorum
391 2152 436 2212 vel
459 2154 523 2230 ipsa
542 2152 606 2212 oleo
625 2155 771 2230 permixta
789 2162 928 2232 potenter
947 2157 1035 2215 etiam
1054 2157 1163 2217 invete-

151 2251 232 2302 ratos
256 2239 375 2300 dolores
398 2249 566 2320 pensabant,
591 2243 616 2300 si
639 2242 708 2301 inde
732 2242 854 2303 adsidue
878 2244 961 2304 frons
980 2252 1011 2304 et
1029 2254 1163 2324 tempora

98 2343 133 2391 54
151 2330 360 2409 pcrlrieentur.
398 2328 472 2389 Cum
493 2330 619 2391 intrabis
639 2329 744 2390 urbem
763 2331 933 2412 quamlibet,
958 2341 1026 2393 aute
1047 2341 1163 2412 portam

151 2417 280 2498 lapillos,
309 2419 414 2496 quiin
438 2420 483 2478 via
506 2418 658 2497 iacebunt,
683 2426 755 2498 quot
778 2418 907 2481 volueris
930 2420 1036 2499 collige
1061 2422 1194 2483 dicensu

151 2515 252 2567 tecum
275 2509 339 2585 ipse
363 2506 399 2566 ad
423 2508 528 2585 capitis
550 2507 681 2567 dolorem
704 2515 734 2568 te
757 2509 923 2569 remedium
941 2509 1056 2591 tollere,
1081 2518 1164 2571 etex

151 2595 198 2655 his
226 2613 319 2655 unum
348 2596 438 2672 capiti
466 2594 597 2675 alligato,
624 2604 741 2656 ceteros
768 2604 836 2675 post
864 2605 981 2677 tergum
1009 2600 1087 2659 iacta
1110 2617 1163 2660 nec

98 2696 133 2746 55
152 2693 234 2744 retro
248 2685 373 2763 respice.
405 2682 500 2764 Creta,
515 2702 590 2762 quae
605 2682 727 2744 Cimolia
742 2685 915 2766 appellatur,
930 2694 1013 2746 cocta
1029 2705 1066 2747 ex
1081 2695 1163 2749 aceto

99 2786 132 2835 55
152 2774 244 2835 fronti
271 2774 397 2853 inposita
428 2778 566 2850 potenter
594 2773 738 2834 medetur.
786 2773 834 2834 Sal
865 2794 934 2836 cum
963 2781 1032 2836 ruta
1059 2778 1164 2838 tritum

153 2864 267 2924 adiecto
296 2861 383 2923 melle
412 2861 503 2922 lrouti
534 2860 653 2921 inlitum
686 2864 886 2924 certissimum
914 2864 1082 2925 remedium
1113 2872 1197 2926 esca

101 2963 135 3011 55
153 2951 287 3032 Faecula,
311 2970 368 3030 qua
387 2950 548 3011 infectores
568 2957 703 3031 utuntur,
726 2952 752 3011 si
776 2951 917 3030 spondam
936 2951 1006 3013 lecti
1024 2956 1166 3035 priorem,

154 3057 211 3116 qua
239 3042 284 3098 vir
312 3039 416 3120 cubat,
439 3041 617 3118 perunxeris
645 3047 675 3099 et
703 3040 833 3117 spondae
861 3040 957 3101 medio
986 3039 1166 3122 inligavcris,

99 3138 134 3187 58
154 3125 271 3185 dolores
300 3129 405 3205 capitis
428 3128 614 3189 remediabis.
661 3127 705 3187 Ex
729 3129 831 3189 eadem
855 3147 943 3210 aqua,
967 3130 1003 3189 de
1027 3147 1088 3208 qua
1113 3130 1166 3192 bos

153 3221 204 3275 act
233 3215 335 3274 asinus
364 3213 487 3296 biberit,
511 3216 663 3294 paululum
691 3225 843 3295 sumptum
867 3226 897 3278 et
923 3225 1060 3297 potatum
1088 3219 1167 3280 tollit

222 3355 240 3402 4
258 3347 354 3415 canapi
372 3352 388 3401 1
394 3364 421 3400 m
440 3348 532 3416 sinapi
549 3353 606 3404 2m.
673 3357 688 3405 6
707 3351 851 3407 redactum
869 3368 920 3408 om.
981 3353 1166 3422 gerubotene.
1193 3373 1198 3381 ’

150 3425 190 3544 l2⁰8l
191 3417 329 3543 ι5111551515,
393 3421 427 3471 29
441 3418 580 3474 fronbibua
594 3419 693 3490 posita.
750 3428 784 3477 32
803 3422 990 3492 peruncxeria.
1046 3429 1081 3478 34
1096 3442 1166 3496 pau·
