2452 3878
488 147 724 210 -173-

97 309 208 368 inulam
232 310 383 386 rusticam,
408 306 528 386 quidam
550 305 629 368 alum
648 302 791 368 Gallicum
819 317 932 387 vocant,
955 307 1014 368 lota
1036 308 1109 370 haec

97 415 172 476 aqua
191 396 296 474 lrigida
317 404 347 455 et
365 414 431 455 rasa
451 394 570 455 cultello
590 395 722 456 eburneo
741 395 788 457 vel
807 414 900 456 osseo.
931 396 1024 457 Datur
1043 415 1108 457 sex-

97 495 162 545 tans
190 484 283 544 librae
311 502 347 543 ex
376 502 410 543 ea
437 493 489 544 aut
516 501 551 543 eo
580 483 706 562 amplius
733 483 779 544 vel
807 492 950 563 quantum
978 488 1109 563 potuerit

97 572 185 633 debet
212 573 391 633 manducare
420 580 450 632 et
477 570 619 632 devorare
648 574 698 632 cui
720 588 795 651 opus
823 580 882 653 est;
909 576 1109 652 nequeenim

68 679 194 722 samara
219 667 273 721 est.
304 660 430 738 Oportet
447 668 546 720 autem
565 678 600 720 eo
620 659 667 720 die
687 668 804 721 acetum
823 679 883 720 nou
902 670 1010 740 gustet,
1029 661 1108 740 quod

96 750 248 810 interdum
266 767 321 827 per
340 766 372 808 se
392 748 488 809 solum
507 749 662 827 magnifice
681 749 757 809 solet
775 748 928 831 prodesse,
947 749 999 810 sed
1017 749 1107 811 huius

96 837 206 897 radicis
230 837 367 897 ellectum
391 836 520 914 resolvit,
544 839 661 896 sicum
685 855 718 896 22
742 837 838 897 detur.

185 925 265 985 Beue
285 926 354 985 lacit
373 926 408 985 ad
428 927 555 985 arteriae
574 927 763 1003 eruptionem
781 925 919 1004 polygoni
937 944 1028 986 sucus
1043 944 1108 1004 cya·
1128 939 1162 988 22

96 1014 217 1074 thorum
240 1013 334 1074 duum
357 1022 407 1073 aut
429 1015 522 1073 trium
545 1013 755 1092 pertriduum
778 1014 863 1074 datus
883 1021 913 1074 et
931 1013 1108 1093 plantaginis

56 1122 84 1161 ro
98 1104 185 1163 tritae
209 1102 313 1162 eodem
336 1103 424 1161 modo
448 1102 534 1162 datus
558 1120 649 1162 sucus
672 1101 833 1181 plurimum
852 1102 987 1183 prodest3
1010 1110 1108 1163 cretae

97 1209 215 1269 quoque
240 1190 354 1250 Samiae
378 1189 505 1250 liunus
529 1197 666 1268 sumptus
690 1209 726 1250 ex
749 1209 842 1269 aquae
866 1191 990 1270 frigidae
1009 1193 1109 1270 rigore

98 1279 230 1339 detracto
250 1278 362 1357 cyathis
377 1277 474 1339 tribus
489 1278 667 1339 validissime
682 1281 776 1359 iuvat3
794 1278 904 1338 herbae
924 1281 1012 1340 etiam
1026 1278 1107 1359 poly-

97 1369 177 1446 goni,
199 1385 284 1448 quae,
309 1374 342 1427 ut
364 1369 479 1446 opinor,
502 1368 622 1442 tiniaria
640 1374 771 1446 vocatur,
790 1366 959 1448 fasciculus
979 1378 1108 1446 quantus

96 1473 186 1516 manu
214 1455 417 1533 conprehendi
445 1458 554 1535 possit,
586 1457 617 1515 in
645 1454 743 1515 tribus
775 1454 902 1514 heminis
935 1473 1027 1533 aquae
1060 1456 1109 1515 de-

56 1562 83 1603 rs
97 1553 200 1604 coctus
229 1543 265 1603 ad
293 1546 397 1603 tertias
429 1551 511 1603 recte
543 1543 680 1603 medetur
708 1544 859 1622 eruptioni
890 1545 1041 1621 sanguinis
1073 1562 1109 1603 ex

97 1634 224 1712 arteriiS,
248 1634 273 1691 si
298 1634 365 1711 quis
388 1630 457 1691 inde
478 1631 624 1692 laboranti
643 1631 763 1711 cyathos
782 1639 845 1691 tres
864 1632 963 1691 ieiuno
982 1649 1037 1710 per
1055 1633 1107 1691 tri-

96 1720 190 1780 duum
217 1721 340 1782 dederit.
388 1720 513 1798 Oportet
545 1729 644 1780 autem
674 1721 815 1780 sentienti
842 1718 950 1780 vulnus
982 1721 1108 1779 interius
1128 1730 1161 1779 23

96 1807 160 1869 loco
189 1810 254 1886 ipso
283 1808 335 1868 sed
364 1827 379 1869 a
403 1808 476 1869 loris
500 1809 651 1886 slongeam
675 1826 743 1868 cum
766 1826 842 1887 aqua
865 1808 971 1885 frigida
994 1810 1110 1867 recenti

96 1898 241 1976 inponere
260 1895 306 1956 vel
325 1916 360 1956 ex
379 1908 462 1957 aceto
482 1899 553 1978 acri,
576 1896 629 1957 sed
648 1897 822 1975 frequenter
840 1904 964 1975 mutare,
983 1914 1020 1956 ne
1040 1914 1109 1956 con-

55 2004 83 2043 so
97 1985 237 2045 calefacta
262 1993 375 2065 noceat,
399 1992 429 2044 et
452 1993 551 2046 vetare
574 1992 658 2046 artus
679 1987 853 2064 constringi,
876 1983 955 2062 quod
974 1983 1109 2063 plerique

95 2072 280 2133 medicorum
299 2073 413 2134 faciunt
430 2076 611 2154 ignorantes,
630 2076 699 2152 quia
714 2075 856 2133 incitatur
871 2074 1023 2151 sanguinis
1043 2092 1109 2134 eru-

96 2164 157 2239 ptio
177 2160 381 2222 musculorum
405 2165 636 2243 compressione,
661 2161 898 2240 quandoquidem
921 2164 1018 2222 omnis
1041 2180 1109 2222 con·

96 2252 211 2310 strictio
235 2252 266 2310 in
290 2259 447 2329 utramque
470 2258 585 2330 partem
609 2251 748 2330 exprimit
771 2267 883 2310 venam.

184 2337 312 2399 Faciunt
330 2346 360 2399 et
379 2343 542 2418 composita
559 2339 774 2400 medicamenta
793 2339 829 2398 ad
852 2339 1004 2417 sanguinis
1024 2357 1109 2418 erup·
1129 2348 1163 2396 24

56 2441 83 2482 se
97 2428 216 2507 tionem,
241 2445 369 2505 quorum
392 2427 449 2488 hoc
475 2437 521 2488 est
543 2429 751 2507 praecipuum:
774 2428 897 2488 Aoaciae
925 2430 990 2487 suci
1012 2430 1108 2506 uncia,

95 2513 308 2595 hypocistidos,
332 2518 383 2594 qui
407 2527 453 2577 est
469 2535 560 2578 sucus
579 2533 665 2576 rosae
685 2516 842 2597 silvaticae,
866 2533 955 2594 quam
974 2517 1109 2575 caninam

97 2602 216 2679 quidam
239 2612 359 2683 vocant,
382 2607 482 2684 uncia,
505 2604 644 2685 balausti,
671 2606 723 2683 qui
746 2613 792 2664 est
815 2603 870 2663 llos
893 2601 962 2663 mali
985 2606 1109 2682 granati,

98 2707 157 2766 quo
176 2693 295 2752 coriarii
314 2699 448 2772 utuntur,
467 2695 564 2771 uncia,
583 2694 633 2769 opi
652 2694 812 2780 semuncip.
841 2691 1024 2751 Balaustium
1039 2709 1107 2750 con-

97 2776 234 2838 tunditur
253 2788 283 2839 et
301 2779 450 2841 cribratur
469 2780 515 2840 vel
534 2783 646 2840 siccum
665 2782 696 2840 in
714 2782 857 2839 mortario
874 2780 990 2856 teritur,
1009 2786 1109 2837 cetera

57 2882 83 2921 so
98 2864 195 2945 pridie
222 2877 368 2928 macerata
396 2871 428 2928 in
456 2886 530 2948 aqua
559 2869 791 2928 commiscentur
819 2865 975 2944 diligenter
1003 2873 1033 2924 et
1059 2883 1109 2943 pa-

97 2953 169 3014 stilli
191 2955 260 3016 inde
284 2958 450 3037 linguntur,
480 2956 600 3035 quidam
628 2957 768 3035 maiores,
792 2954 911 3033 quidam
935 2952 971 3012 ad
995 2952 1110 3013 denarii

96 3045 266 3124 semissem3
294 3044 402 3105 dantur
429 3044 553 3106 resoluti
579 3046 661 3103 iuxta
684 3049 809 3103 aetatem
833 3042 878 3102 vel
902 3043 1042 3102 virtutem
1065 3044 1108 3103 iu-

95 3132 174 3191 firmi
203 3151 239 3191 ex
268 3150 360 3211 aquae
389 3134 512 3213 frigidae
541 3132 653 3212 cyathis
681 3129 777 3191 tribus
805 3139 856 3192 aut
884 3129 1007 3191 duobus.
1054 3131 1109 3192 llic

95 3220 231 3299 pastillus
259 3220 334 3281 bene
362 3222 433 3283 lacit
460 3231 490 3282 et
517 3221 554 3281 ad
583 3220 779 3300 dysintericos
808 3229 838 3280 et
861 3219 897 3280 ad
920 3222 1108 3281 torminosos.

187 3356 250 3408 lal
264 3372 317 3424 pro
335 3356 420 3413 alum
499 3359 698 3411 2sexbenlem.
773 3360 805 3409 12
824 3353 1003 3409 valedissime
1021 3353 1108 3409 iubat.

95 3430 130 3477 22
150 3426 326 3493 quandoque.
381 3433 416 3482 27
434 3428 631 3497 malogranati.
694 3429 728 3481 28
747 3442 803 3494 quo
823 3425 953 3494 coriariil
966 3423 1116 3490 22221222.

95 3495 345 3551 hermeneticum.
419 3503 453 3554 34
473 3498 663 3557 disintericos.
