2422 3878
542 108 781 174 -124-

155 277 229 335 cinis
256 274 391 353 prodest,
421 276 447 333 si
474 291 509 334 eo
539 272 642 333 dentes
670 274 857 334 infricentur.
899 269 1023 332 Vermes
1046 273 1164 353 terreni,

101 378 134 425 31
154 364 183 424 id
208 372 254 423 est
277 362 425 442 lumbrici,
449 362 566 423 decocti
588 363 619 421 in
643 360 706 422 oleo
731 369 761 422 et
784 362 849 421 triti
870 360 1073 422 infunduntur
1092 361 1164 422 auri·

154 451 238 513 culae
261 451 298 511 ab
322 470 355 511 ea
379 459 477 531 parte,
505 469 561 530 qua
585 449 690 511 dentes
713 449 829 529 dolent3
857 449 1022 510 eorundem
1052 458 1165 511 exusto

154 559 221 602 rum
245 542 388 600 vermium
413 542 487 600 cinis
512 538 651 599 dentibus
675 541 753 600 cavis
776 537 824 599 vel
846 537 1019 599 dolentibus
1038 540 1166 600 insertus

155 639 184 691 et
213 647 280 690 cera
309 637 431 707 opertus
459 627 545 688 facile
574 627 680 688 cadere
709 645 761 688 eos
789 629 882 707 cogit,
914 627 1043 688 conburi
1071 635 1185 688 autema

155 718 264 780 debent
287 725 363 778 testa
386 717 533 777 candenti.
571 717 714 778 Ossornm
738 734 774 775 ex
798 714 917 795 ungulis
941 717 1077 794 porcinis
1102 734 1167 777 con·

102 818 136 868 32
156 807 313 867 bustorum
337 807 412 866 cinis
440 823 495 884 pro
524 805 694 866 dentifricio
722 804 841 865 habitus
869 803 1033 883 plurimum
1064 805 1168 865 contir-

155 895 270 956 mandis
293 893 433 955 dentibus
456 893 587 973 prodest.
628 894 672 954 hd
696 893 801 954 dentes
825 911 911 954 cavos
935 901 966 955 et
988 911 1105 968 exesos,
1132 911 1168 952 ne

102 997 136 1045 33
155 986 274 1064 penitus
294 983 457 1043 exeduntur
476 991 527 1042 aut
546 982 692 1062 excidant,
711 982 802 1042 facies
821 981 892 1043 hoc:
915 981 1072 1062 Gummen,
1092 981 1168 1061 quod

156 1076 185 1132 in
209 1071 319 1132 hedera
342 1073 484 1151 nascitur,
507 1090 577 1132 cavo
597 1070 679 1131 denti
697 1073 830 1131 inserito.
862 1069 1020 1147 Harenula,
1045 1089 1121 1150 qnae
1139 1073 1201 1130 inu

103 1174 136 1222 34
156 1160 264 1222 cocleis
283 1162 443 1238 invenitur,
462 1159 544 1220 denti
563 1178 633 1220 cavo
653 1167 683 1220 et
702 1159 813 1220 dolenti
831 1161 943 1219 inserta
960 1161 1063 1220 statim
1081 1159 1168 1238 prod·

157 1259 210 1310 est.
252 1249 398 1310 Gummen
426 1251 561 1328 cupressi
589 1251 700 1326 optime
729 1248 812 1326 lacit,
840 1251 866 1308 si
892 1250 1040 1309 insertum
1065 1247 1114 1308 die
1137 1265 1170 1308 ac

103 1351 136 1399 35
156 1347 243 1399 nocte
267 1341 297 1398 in
321 1357 392 1399 cavo
416 1337 504 1398 dente
525 1339 730 1415 permanserit.
764 1335 804 1398 Ut
822 1336 954 1398 labantes
973 1336 1081 1397 dentes
1102 1355 1169 1398 con·

103 1441 137 1489 33
156 1429 267 1508 firmes,
286 1428 418 1508 cedrum,
438 1445 496 1506 qno
516 1425 585 1486 libri
603 1434 821 1506 perunguntur,
839 1427 871 1485 in
890 1444 942 1486 ore
957 1444 1047 1504 quam
1067 1426 1170 1486 diutis-

157 1519 231 1577 sime
255 1527 323 1577 tene
347 1525 376 1577 ct
400 1515 525 1576 subinde
549 1517 700 1575 recentius
720 1517 843 1595 sumit03
866 1533 926 1574 non
946 1514 1043 1575 solum
1066 1514 1170 1575 dentes
1182 1532 1204 1573 15

157 1605 355 1683 confirmabis,
374 1622 477 1664 verum
497 1604 586 1663 etiam
605 1602 738 1663 dolorem
757 1621 861 1663 eorum
883 1612 1009 1664 avertes.
1047 1603 1170 1682 Saepiae

104 1705 136 1754 37
158 1713 190 1754 os
214 1692 260 1754 vel
283 1695 378 1772 ipsius
407 1691 580 1753 combustae
609 1700 639 1751 et
662 1710 696 1751 ex
721 1690 807 1752 melle
831 1693 976 1753 contritae
1001 1691 1099 1769 pulvis
1123 1691 1171 1751 ad·

158 1786 234 1844 iecta
257 1791 340 1860 gutta
364 1781 538 1840 ammoniaci
561 1781 688 1858 gingivis
711 1789 741 1840 et
764 1779 904 1841 dentibus
925 1779 1057 1858 prodest,
1082 1783 1107 1840 si
1131 1783 1171 1840 ita

159 1871 366 1950 perfricentur,
391 1878 424 1929 ut
447 1887 483 1928 ex
507 1886 541 1928 eo
565 1868 639 1928 nihil
662 1871 692 1928 in
717 1869 817 1929 lauces
836 1868 1005 1930 descendat.
1043 1868 1171 1947 Caprino

104 1971 137 2018 33
158 1960 233 2020 lacte
252 1961 367 2018 recenti
386 1959 464 2017 sicut
482 1955 611 2017 mulsum
630 1957 721 2017 fuerit
739 1976 773 2017 os
792 1957 914 2018 adsidue
934 1957 1077 2018 collutum
1093 1956 1170 2017 labo·
1184 1977 1207 2015 so

158 2055 258 2106 rantes
289 2065 325 2106 ex
354 2047 415 2105 ictu
443 2045 548 2105 dentes
577 2046 740 2107 confirmat.
787 2045 919 2107 Lentisci
949 2046 1066 2107 decocti
1096 2063 1171 2125 aqua

104 2147 137 2194 33
157 2138 235 2195 intra
263 2153 297 2194 os
322 2134 494 2212 frequenter
518 2133 637 2194 detenta
661 2133 765 2195 dentes
789 2136 957 2215 confirmat,
985 2134 1065 2195 idem
1089 2154 1172 2214 prae·

158 2231 216 2283 stat
239 2224 374 2300 asparagi
392 2221 517 2282 silvatici
537 2241 640 2300 sucus,
664 2223 742 2283 idem
763 2231 791 2284 et
811 2224 991 2284 omsacinum
1010 2223 1119 2304 oleum,
1141 2224 1172 2284 id

158 2319 204 2371 est
231 2310 342 2370 bonum
370 2310 478 2389 viride,
507 2312 533 2370 si
561 2310 688 2371 calidum
717 2313 747 2371 in
777 2330 829 2372 ore
857 2320 1008 2394 teneatur3
1036 2312 1117 2373 idem
1142 2324 1172 2373 et

157 2398 238 2460 inula
266 2418 282 2457 a
310 2400 410 2458 ieiuno
440 2398 681 2460 commanducata
710 2400 880 2478 praestabit.
923 2400 961 2462 Ut
985 2400 1120 2462 labantes
1143 2413 1209 2462 etas

105 2499 139 2547 40
159 2487 293 2547 dolentes
308 2487 412 2548 dentes
423 2486 508 2548 facile
523 2490 663 2568 excutias,
679 2507 784 2549 sucum
799 2489 927 2550 hederae
942 2491 1044 2568 nigrae
1057 2489 1172 2551 adiecto

158 2575 283 2655 pausillo
308 2575 365 2636 olei
389 2576 492 2636 viridis
515 2576 621 2637 habeto
647 2580 810 2656 repositum
834 2597 868 2639 ac
892 2585 1115 2658 praeparatum,
1139 2587 1173 2639 ut

158 2683 226 2726 cnm
246 2683 321 2744 opus
337 2665 428 2726 luerit
446 2683 533 2726 nares
553 2684 589 2724 cx
608 2684 643 2726 eo
663 2669 817 2744 contingas
836 2666 927 2745 digito
947 2666 993 2726 vel
1011 2667 1172 2746 perfrices3

159 2773 217 2834 quo
247 2755 324 2815 lacto
354 2756 492 2834 spiritum
521 2753 702 2833 aliquamdiu
725 2757 889 2815 introrsum
917 2755 1035 2834 trahea,
1064 2755 1172 2815 deinde

159 2843 271 2905 calculo
296 2843 434 2904 dentibus
458 2843 663 2922 conprehenso
688 2843 781 2903 hianti
806 2861 857 2903 ore
882 2861 1015 2903 umorem
1043 2861 1209 2924 omnem,ao

160 2935 266 3011 quiex
286 2935 392 3011 pituita
411 2941 582 2993 contractus
601 2934 667 3011 erit,
690 2931 822 2992 delluere
845 2932 1014 3010 permittes3
1037 2931 1173 2992 inlinitus

159 3023 238 3079 enim
254 3021 393 3082 decurret
408 3040 503 3101 usque
522 3022 559 3082 ad
579 3024 669 3083 trium
688 3020 875 3081 heminarum
894 3038 1072 3082 mensuram.
1102 3020 1174 3082 Post

160 3107 239 3184 quod
259 3107 323 3168 oleo
343 3128 419 3186 puro
439 3110 561 3171 naribus
584 3111 726 3188 perfricto
746 3117 775 3169 et
794 3111 862 3169 vino
882 3127 934 3169 ore
953 3108 1047 3169 diluto
1068 3109 1173 3170 dentes

160 3197 224 3254 sinc
248 3195 349 3255 dolore
374 3206 463 3257 crum
485 3207 515 3258 et
538 3199 622 3258 facile
646 3198 848 3258 extrahentur.
886 3197 930 3258 dd
949 3197 1078 3276 episoras
1102 3199 1172 3258 den·

105 3294 139 3342 41
159 3286 233 3344 tium
264 3290 294 3343 et
321 3285 473 3363 pituitam,
502 3287 526 3344 si
554 3287 585 3342 in
609 3284 713 3345 dentes
736 3287 888 3366 inciderit,
917 3305 1004 3365 quam
1028 3287 1210 3365 epiloramas

231 3476 263 3524 13
283 3471 417 3526 labentes.
491 3476 525 3526 23
545 3472 727 3528 omlacenum.
800 3475 829 3547 e]
849 3474 893 3528 ad.
963 3481 996 3529 33
1016 3475 1077 3546 ore]
1097 3493 1137 3531 os.
