2422 3878
510 135 746 199 -372-

67 311 102 361 30
210 297 344 358 Feniculi
377 297 470 358 larina
503 316 539 357 ex
571 295 765 377 hydromelite
796 296 919 356 decocta
947 305 980 356 et
1010 284 1151 376 inposita

121 386 274 464 chiragrae
296 386 442 448 medetur.

67 488 100 535 31
209 474 373 553 Podagram
398 483 430 535 ut
452 492 556 534 sanare
580 473 699 533 diiiicile
723 480 782 552 est,
809 474 852 532 sic
875 473 1038 550 incipienti
1065 475 1150 535 inter

120 565 203 623 initia
228 582 387 624 occurrere
410 569 581 641 promptum
606 571 664 642 est,
688 579 755 621 nam
778 562 858 620 inter
875 561 960 620 initia
981 562 1053 621 eius
1075 581 1147 624 oum

120 651 238 711 dolores
266 653 422 729 asperrimi
450 658 533 728 sunt,
562 652 587 710 si
615 653 681 728 quis
709 667 782 709 vena
810 648 933 708 adversa
955 650 989 709 in
1015 648 1171 711 brachios

119 750 278 820 pungatur,
297 758 356 799 uon
374 738 462 798 modo
481 740 633 817 praesenti
651 736 753 797 dolore
767 735 958 818 relevabitur,
979 737 1148 800 sedetiam

119 831 151 888 in
174 836 327 907 posterum
351 834 497 904 perpetuo
520 825 704 886 liberabitur.

66 929 100 976 32
208 914 327 974 Utiliter
350 917 381 974 in
400 914 503 975 dolore
521 921 730 992 perunguntur
749 913 840 991 pedes
859 912 933 993 oleo,
952 915 985 972 in
1007 933 1072 993 quo
1094 916 1146 978 diu

120 1005 242 1064 decocta
266 1004 326 1062 siut
348 1004 488 1063 intestina
512 1020 664 1082 ranarum3
687 1020 776 1062 ranae
800 1019 919 1080 quoque
942 1001 1076 1063 rubetae
1097 1023 1145 1065 ex·

120 1101 204 1151 ustae
233 1092 308 1150 cinis
336 1109 404 1150 cum
433 1090 566 1151 sambuci
593 1090 727 1152 coliculis
756 1091 868 1150 teneris
895 1091 975 1149 tritis
1006 1099 1038 1151 et
1072 1110 1145 1152 sevo
1158 1111 1179 1151 ro

120 1181 236 1239 hircino
264 1188 366 1239 vetere
393 1180 540 1257 permixto
574 1187 604 1239 et
635 1178 758 1238 decocto
790 1180 962 1256 pariterque
996 1180 1144 1258 imposito

68 1283 101 1331 33
122 1267 253 1347 prodest.
296 1267 376 1328 Folia
406 1270 541 1346 cupressi
564 1269 691 1328 contrita
716 1284 784 1327 cum
812 1268 897 1344 panis
920 1265 1022 1326 mollis
1046 1271 1146 1347 parti-

120 1356 177 1416 bus
201 1355 316 1420 duabus
340 1365 370 1417 et
392 1359 518 1436 axungia
541 1363 641 1416 vetere
664 1353 786 1416 subacta
804 1354 962 1416 medentur
981 1354 1145 1418 doloribus

118 1445 275 1524 podagrae.
881 1470 884 1476 ·

67 1547 102 1595 34
210 1533 318 1594 Semen
346 1542 485 1612 genestae
514 1539 634 1592 tunsum
663 1541 692 1591 ei
722 1549 790 1592 cum
820 1532 945 1608 axungia
976 1531 1178 1595 subactumn

66 1635 100 1684 35
121 1620 274 1682 doloribus
297 1622 502 1700 geniculorum
525 1627 663 1698 potenter
686 1619 851 1679 adhibetur.
888 1618 1036 1680 Mustelae
1056 1624 1144 1683 virae

120 1710 291 1770 combustae
319 1712 395 1770 cinis
424 1726 492 1770 cum
520 1709 584 1768 oleo
611 1726 732 1769 rosaceo
757 1714 786 1767 et
809 1714 892 1767 aceto
916 1709 1008 1785 pinna
1033 1710 1144 1772 inlitus

118 1798 286 1877 podagricis
308 1798 439 1876 prodest.

66 1901 100 1951 36
209 1887 324 1947 Hedera
347 1887 475 1947 coutrita
498 1892 614 1945 etcum
634 1902 720 1963 oryza
742 1901 776 1943 ac
796 1882 882 1943 melle
901 1883 1026 1943 decocta
1046 1896 1143 1966 atque

119 1977 150 2035 iu
179 1993 271 2035 uuum
300 1977 446 2053 permixta
474 1982 505 2034 et
533 1972 629 2033 denuo
657 1974 726 2033 trita
754 1971 901 2050 podagrae
925 1980 955 2032 et
978 1971 1179 2053 chiragraero

64 2077 98 2127 37
119 2074 149 2123 et
177 2082 337 2124 nervorum
361 2061 575 2123 offensionibus
598 2061 735 2121 medetur
758 2062 894 2138 inposita.
936 2059 1041 2121 Urtica
1066 2066 1141 2125 trita

119 2170 188 2212 cum
212 2154 354 2230 sauguine
378 2151 497 2211 milvino
522 2159 572 2210 aut
594 2148 802 2228 palumborum
822 2149 968 2227 permixta
987 2155 1081 2228 atque
1103 2172 1142 2214 ex

118 2257 154 2298 eo
177 2239 268 2317 pedes
292 2239 369 2298 inliti
393 2239 554 2298 efficaciter
578 2244 728 2297 sanantur.

64 2341 98 2389 38
207 2324 365 2386 Mirificum
383 2325 530 2403 podagrae
550 2324 714 2384 remedium
734 2341 790 2383 nec
808 2323 959 2402 impendio
978 2336 1141 2405 sumptuo-

119 2433 185 2474 sum
219 2415 277 2474 sio:
316 2413 459 2491 Cupressi
491 2411 599 2490 pilulae
631 2411 803 2492 duodecim,
835 2415 1003 2490 pastinacae
1043 2433 1179 2494 quamne

117 2504 257 2562 minimae
280 2502 404 2563 totidem
429 2501 638 2579 decoquuntur
661 2518 730 2560 cum
753 2502 829 2560 turis
853 2502 933 2561 tunsi
957 2503 1058 2562 unciis
1083 2509 1140 2567 tri·

118 2591 175 2652 bus
199 2610 266 2652 oum
288 2591 346 2651 olei
365 2591 493 2652 sextario
513 2597 543 2649 et
561 2607 653 2667 aquae
672 2589 790 2649 hemina
810 2597 839 2649 et
858 2591 1001 2667 axungiae
1020 2597 1140 2655 veteris

118 2682 215 2741 unciis
243 2679 280 2740 Vl
310 2688 339 2740 et
367 2697 452 2740 cerae
482 2677 670 2759 tantundem,
703 2695 778 2756 quae
806 2679 964 2756 inspissata
997 2685 1027 2738 et
1063 2700 1139 2743 con·

119 2770 261 2848 glutinata
285 2787 382 2848 panno
406 2767 489 2827 inlita
512 2765 638 2846 pedibus
661 2766 860 2845 adponuntur.

66 2873 99 2921 39
207 2858 251 2918 Ad
271 2858 430 2936 podagram
451 2873 519 2916 cum
537 2855 653 2915 lervore
671 2862 703 2915 et-
715 2862 832 2914 tumore
847 2851 1023 2933 rubicundo,
1042 2873 1139 2934 quam
1154 2879 1181 2920 eo

120 2947 242 3007 calidam
262 2956 376 3026 vocant,
395 2945 468 3005 haec
488 2944 600 3003 iaciunt
618 2944 722 3022 primis
741 2942 846 3003 diebus
864 2941 1008 3002 adhibita:
1031 2941 1141 3009 Herba

119 3034 282 3095 urceolaris
310 3052 364 3112 per
393 3051 423 3093 se
452 3040 482 3092 et
507 3049 612 3092 caseus
638 3031 734 3092 mollis
762 3049 868 3092 recens
895 3048 949 3109 per
977 3048 1009 3089 se
1037 3032 1139 3113 impo-

120 3125 205 3201 situs,
228 3130 331 3200 postea
350 3120 450 3200 herba,
476 3122 525 3181 cui
544 3120 612 3180 salis
630 3119 770 3198 pusillum
790 3120 952 3180 admiscere
972 3122 1137 3197 oportebit

119 3208 193 3268 ltem
222 3209 298 3268 bene
331 3208 401 3269 lacit
432 3210 531 3288 apium
563 3207 656 3268 viride
686 3226 740 3286 per
773 3226 804 3267 se
833 3206 878 3268 rel
910 3225 978 3268 cum
1010 3207 1137 3287 polenta

210 3418 224 3464 1
244 3410 359 3465 feniculi
383 3409 486 3482 farina]
509 3411 585 3467 faeni
607 3410 702 3481 graeci
720 3409 811 3465 farina
830 3410 1051 3482 Piraeum,
1069 3419 1133 3476 188,

128 3482 268 3553 tilberhti,
288 3482 344 3554 cui]
365 3481 468 3536 herbae
487 3480 611 3536 Scribere.
