2422 3878
514 127 735 190 ...72-

120 278 303 368 ponderibus
327 289 467 350 miscebis
492 297 630 368 teresque
649 287 807 367 diligenter
831 298 860 349 et
884 289 978 350 donec
1003 307 1142 368 spumam

121 396 179 437 non
208 377 317 438 faciant
342 396 438 456 neque
461 385 611 457 crescant,
640 377 675 436 ad
700 380 798 457 ignem
821 376 934 438 lentum
958 378 1087 456 agitabis
1112 382 1140 439 in

121 484 189 526 raso
209 485 297 526 aereo
315 466 416 546 ibique
437 474 495 526 tam
511 466 561 527 diu
583 483 647 525 esse
665 468 795 546 patieris,
810 465 905 527 donec
921 466 1141 545 refrigerentur

121 562 209 633 atque
238 557 402 635 siccentur3
431 573 505 633 quae
534 561 636 634 postea
665 554 700 615 ad
725 558 900 615 mortarium
924 554 1139 616 nitidissimum

120 643 283 704 transferes
312 651 401 722 atque
429 642 489 704 illic
512 645 622 704 iterum
646 661 681 703 ex
706 645 772 703 vino
796 652 896 703 vetere
920 645 1031 722 optimo
1056 653 1161 704 teresi

121 739 179 792 tarn
200 732 260 813 diu,
279 750 435 811 quousque
455 734 619 812 siccentnr3
642 731 678 791 de
699 731 806 810 quihus
826 732 977 812 pulverem
997 735 1138 793 tenuissi-

20 867 24 877 Ι
121 838 202 880 mum
237 820 347 881 factum
378 823 456 881 intra
485 820 621 899 pyxidem
650 838 767 880 aeream
796 821 905 882 condes
933 839 1030 900 eoque
1058 821 1139 882 velut

67 922 101 971 75
122 906 220 988 stibio,
244 927 311 969 curn
336 907 474 990 volueris,
498 911 601 969 uteris.
639 906 874 987 Xerocollyrium
898 911 1045 987 optimum
1069 928 1137 970 con-

121 998 221 1058 ficitur
245 998 301 1057 sic:
324 996 444 1075 Lapidis
467 996 587 1076 Phrygii
608 1028 646 1040 -
667 995 702 1077 11,
726 999 808 1058 croci
827 1030 868 1040 —
888 996 909 1076 l,
933 997 1003 1058 salis
1028 1016 1136 1059 ammo·
1173 1049 1174 1053 ,

120 1087 198 1146 niani
217 1077 257 1171 β
277 1083 311 1165 11,
335 1084 398 1145 folii
417 1078 456 1171 y·
475 1084 510 1165 11,
530 1087 607 1145 aeris
628 1086 687 1145 usti
706 1077 746 1171 β
765 1084 828 1165 llll,
847 1088 959 1164 piperis
978 1085 1038 1146 albi
1058 1079 1098 1173 79·
1115 1085 1136 1168 1,
1148 1103 1170 1142 n

121 1176 218 1233 omnia
243 1192 377 1234 seorsum
401 1174 567 1234 diutissime
591 1181 620 1233 et
644 1172 869 1252 diligentissime
893 1181 986 1255 teres,
1015 1183 1050 1236 ut
1073 1174 1135 1254 pul-

121 1280 220 1322 verem
250 1263 458 1323 tenuissimum
486 1261 589 1342 facias,
618 1280 707 1340 quem
732 1263 912 1341 permixtum
936 1263 1083 1324 recondes
1107 1266 1136 1339 in

121 1349 229 1411 doliola
253 1351 356 1432 vitreo,
380 1359 409 1410 et
432 1368 500 1410 cum
520 1349 648 1411 volueris
667 1349 789 1428 pulvere
813 1351 878 1429 ipso
897 1359 988 1430 prout
1008 1350 1136 1412 volueris

68 1451 101 1500 'tc
121 1441 223 1499 uteris.
270 1437 505 1517 Xerocollyrium
539 1441 682 1518 optimum
716 1446 746 1499 et
773 1438 809 1499 ad
837 1441 921 1499 initia
948 1438 1135 1518 lippitudinis

120 1527 277 1606 probatum
301 1535 418 1589 constat
442 1546 477 1587 ex
501 1526 561 1586 his:
590 1525 677 1586 Croci
701 1519 804 1613 4211,
832 1527 1012 1588 sarcocollae
1038 1521 1078 1615 2·
1102 1527 1169 1610 ll‚u

121 1615 200 1676 aloes
225 1617 382 1695 epatitidos
403 1607 443 1701 3·
462 1614 483 1694 1,
507 1614 604 1692 glauci
624 1607 663 1700 3·
683 1614 705 1675 l.
742 1614 833 1675 Teres
857 1615 930 1676 haec
954 1619 1053 1677 omnia
1073 1617 1135 1678 dili·
1160 1628 1164 1634 ’

121 1714 226 1782 genter
245 1713 274 1765 et
293 1705 445 1784 pulverem
463 1705 672 1763 tenuissimum
692 1705 723 1763 in
742 1704 848 1783 pyxide
869 1722 976 1784 cyprea
991 1706 1136 1767 recondes

121 1802 150 1853 et
169 1812 236 1853 cum
256 1811 331 1871 opus
351 1793 449 1870 tuem,
471 1797 500 1850 et
519 1793 597 1851 intra
615 1790 717 1852 oculos
734 1799 763 1853 et
778 1792 814 1852 ad
830 1792 1059 1871 superlinendos
1075 1803 1135 1856 ute·

69 1893 101 1942 77
121 1882 172 1941 ris.
197 1880 300 1959 Capilli
319 1878 479 1940 muliebres
500 1898 591 1958 super
609 1887 716 1940 testam
736 1880 875 1941 conbusti
894 1889 924 1941 ct
944 1900 1012 1942 cum
1034 1901 1135 1962 spuma

121 1970 236 2047 argenti
260 1969 381 2028 contriti
405 1975 493 2046 atque
518 1967 552 2027 ad
578 1986 722 2028 summam
747 1968 894 2030 levitatem
920 1970 1034 2031 redacti
1053 1989 1135 2031 xero·
1148 1987 1169 2026 so

120 2055 297 2135 plrthalmias
319 2063 349 2116 et
362 2058 532 2134 prurigines
547 2056 701 2117 oculorum
717 2057 878 2118 efficaciter
893 2068 1008 2138 sanant,
1027 2061 1054 2120 si
1068 2060 1136 2121 indo

68 2156 101 2205 78
120 2147 311 2221 inungantur.
348 2143 391 2203 Ad
411 2142 565 2223 caliginem
583 2144 756 2206 abolendam
771 2145 808 2206 de
823 2149 1027 2225 experimento
1042 2150 1135 2209 uteris

120 2232 176 2292 hoc
196 2231 342 2293 remedio:
362 2231 459 2292 Salem
478 2235 694 2293 ammoniacum
712 2243 850 2294 exustum
865 2242 928 2295 tere
944 2243 974 2296 et
988 2240 1135 2314 permisce

121 2338 189 2380 cum
212 2318 284 2379 lotio
307 2323 393 2399 pueri
416 2322 539 2382 investis
563 2329 651 2401 atque
672 2322 742 2382 inde
761 2322 883 2383 adsidue
903 2323 1006 2384 oculos
1025 2327 1135 2404 inunge

68 2421 102 2469 79
123 2407 167 2466 vel
186 2407 346 2486 superline.
383 2408 552 2470 Naturalem
572 2428 677 2471 sucum
692 2413 872 2490 argimoniae
888 2419 918 2472 et
933 2431 1039 2473 sucum
1056 2415 1134 2475 mile·
1147 2428 1169 2471 n

120 2495 182 2556 folii
207 2503 236 2556 et
260 2515 365 2557 sucum
384 2499 582 2579 arnoglossae,
605 2498 635 2558 id
655 2507 700 2558 est
719 2498 906 2580 plantaginis,
930 2500 1053 2579 colliges
1073 2503 1134 2563 dili·

120 2592 224 2663 genter
257 2603 290 2645 ac
324 2587 415 2646 nitide
444 2587 560 2666 aequali
587 2605 726 2647 mensura
756 2596 785 2648 et
814 2588 850 2648 de
881 2607 953 2649 suco
983 2591 1134 2672 marrubii,

120 2680 219 2752 rutae,
249 2673 384 2755 serpulli,
412 2675 539 2736 euforbii
564 2677 712 2754 exprimes
740 2694 795 2754 per
822 2675 946 2737 linteum
976 2677 1135 2741 delicatum

120 2770 150 2822 et
169 2762 345 2823 admiscebis
366 2755 405 2848 3·
424 2762 511 2824 binos
530 2763 636 2842 hisque
655 2762 766 2824 adicies
789 2765 885 2825 mellis
905 2768 1009 2843 optimi
1028 2768 1135 2848 despu-

119 2853 191 2911 mati
213 2850 320 2912 libram
341 2869 430 2912 unam
450 2861 538 2931 atque
558 2853 655 2911 omnia
675 2852 762 2913 simul
782 2853 833 2912 diu
852 2862 1004 2935 conteres3
1028 2855 1135 2917 deinde
1147 2871 1169 2912 so

119 2941 227 3000 iterum
256 2939 367 3000 colabis
394 2942 478 3001 tenui
506 2940 597 3000 linteo
621 2948 650 3000 et
674 2941 820 3000 recondes
842 2944 873 3002 in
897 2942 1016 3003 vasculo
1041 2947 1136 3006 vitreo

120 3036 207 3104 atque
232 3029 339 3108 uteris,
363 3047 431 3089 cum
455 3046 530 3108 opus
553 3029 657 3110 fuerit,
680 3028 715 3089 ad
741 3029 955 3091 suffundendos
977 3040 1009 3091 et
1032 3051 1136 3113 super-

120 3113 255 3174 linendos
284 3115 385 3175 oculos
414 3117 538 3196 caligine
567 3116 747 3197 laborantes,
780 3118 889 3196 quibus
918 3119 974 3179 boc
1003 3123 1136 3183 remedio

64 3215 100 3265 80
120 3205 178 3262 cito
208 3205 302 3262 aciem
330 3207 530 3265 acutissimam
559 3205 675 3265 reddes.
721 3204 832 3267 Malvae
860 3226 951 3269 sucus
975 3226 1138 3289 expressus

190 3343 205 3391 2
224 3337 310 3391 lento.
380 3343 397 3390 4
415 3337 557 3392 mortario,
623 3345 637 3393 7
657 3340 769 3409 pyxide.
835 3347 850 3396 9
869 3341 956 3412 frigii.
1022 3349 1056 3398 14
1076 3347 1136 3402 ute-

117 3409 155 3462 ris
174 3425 225 3463 om.
317 3412 350 3461 15
369 3408 490 3490 constat]
506 3410 615 3490 contra.
708 3416 741 3466 16
761 3412 914 3483 epititidos.
1001 3421 1036 3470 20
1055 3432 1136 3472 xero·

117 3477 279 3547 pthalmias.
355 3485 386 3534 21
407 3495 572 3550 prongrnes.
