2422 3878
526 126 769 190 -192-

141 287 186 347 rel
214 306 304 366 quam
332 306 436 349 zonam
458 295 564 349 vocant
592 287 669 348 bene
696 288 769 348 lacit
794 287 862 348 data
890 304 927 345 ex
954 303 1030 364 aqua
1057 285 1157 347 mulsa

139 376 273 436 detracto
300 379 387 455 prius
414 379 572 456 sanguine,
597 378 625 436 si
651 395 701 436 res
723 375 931 456 postulaverit,
958 373 1039 452 quod
1069 385 1101 435 et
1124 376 1156 436 in

140 463 279 525 omnibus
297 465 364 526 aliis
381 467 462 526 utils
479 484 572 544 sopra
589 464 679 525 dictis
693 463 861 525 laciendum
874 470 935 543 est;
955 464 1055 522 omnia
1073 465 1156 524 enim

138 552 247 613 auxilia
276 553 442 614 adhibenda
469 561 553 634 sunt,
579 571 656 633 quae
683 572 721 613 ex
748 570 805 614 usu
831 551 975 630 prodesse
1000 561 1157 630 comperta

138 640 293 723 babemus,
319 645 388 721 qnia
410 642 511 703 adiuta
533 643 684 703 antidotos
706 642 854 703 faciliores
875 638 997 700 habebit
1019 639 1181 701 allectuso

87 744 120 793 13
228 731 347 808 Recipit
359 749 431 809 ergo
444 730 531 792 baec:
550 730 789 810 Chamaedropis,
806 747 883 810 quae
897 727 989 789 herba
1003 727 1156 789 simillima

139 836 254 900 quercu
282 817 352 878 lolia
378 817 481 900 babet,
514 822 638 900 agarici,
670 819 844 881 cucurbitae
871 817 1031 896 silvestris,
1064 835 1156 895 quam

142 906 378 986 colocynthidam
404 907 566 990 appellant,
593 908 774 989 stoechadis,
800 905 987 984 singulorum
1013 905 1156 965 denarios

138 997 241 1076 denos,
259 998 447 1076 opopanacis,
467 1000 615 1078 sagapeni,
633 997 817 1077 petroselini,
834 1003 932 1055 terrae
946 993 1025 1075 meli,
1038 994 1156 1072 piperis

138 1084 210 1163 albi,
238 1084 424 1162 singulorum
446 1085 585 1146 denarios
611 1088 733 1166 quium,
760 1085 902 1163 cinnami,
929 1081 1016 1142 nardi
1043 1084 1156 1164 spicae,
1169 1100 1191 1140 io

138 1190 270 1252 myrrae,
297 1172 373 1254 lolii,
402 1175 498 1254 croci,
511 1175 711 1253 singulorum
737 1174 875 1234 denarios
903 1179 1072 1250 quaternos.
1119 1171 1155 1230 ln

138 1279 233 1321 unum
251 1263 349 1322 omnia
367 1262 525 1342 diligenter
543 1263 705 1342 ponderata
727 1261 952 1324 contunduntur
971 1267 1001 1319 et
1019 1258 1155 1319 cribran-

138 1357 188 1411 tur
216 1357 334 1429 praeter
361 1369 561 1430 opopanacem
588 1360 618 1412 et
645 1369 825 1431 sagapenum
853 1357 883 1410 et
908 1366 1050 1428 myrram,
1077 1347 1154 1409 haec

138 1441 217 1499 enim
247 1441 389 1500 mortario
417 1441 475 1500 teri
507 1439 617 1501 debent
653 1441 769 1501 adiecto
800 1437 886 1500 melle
915 1439 1012 1516 tenui,
1047 1435 1077 1496 id
1107 1446 1154 1497 est

138 1544 227 1606 quam
250 1526 463 1609 liquidissim03
487 1529 595 1589 deinde
622 1530 731 1588 ceteris
758 1529 992 1607 permiscentur,
1018 1542 1094 1603 quae
1124 1536 1154 1585 et
1167 1541 1190 1582 15

27 1638 30 1646 ²
137 1618 201 1694 ipsa
224 1618 360 1694 recipere
383 1615 494 1677 debent
517 1624 633 1677 tantum
656 1616 761 1699 mellis,
784 1623 927 1696 quantum
948 1616 1019 1674 satis
1038 1614 1098 1673 erit
1117 1613 1153 1673 ad

137 1703 414 1783 comprehendenda
438 1712 468 1765 et
491 1705 670 1766 continenda
692 1724 727 1765 ea
750 1704 796 1765 vel
820 1701 1058 1781 conglutinanda.
1097 1701 1153 1762 lle·

136 1794 258 1872 ponitur
276 1792 526 1854 medicamentum
545 1812 614 1854 vaso
633 1797 728 1854 vitreo
747 1793 803 1855 sub
823 1790 984 1872 signaculo,
1003 1789 1101 1870 datur,
1121 1799 1154 1851 ut

137 1898 227 1959 supra
251 1881 380 1942 diximus
403 1888 434 1941 et
453 1882 701 1960 quemadmodum
720 1883 860 1962 (luimus,
879 1897 948 1941 cum
967 1896 1082 1938 summa
1102 1879 1154 1939 ob·

52 2011 56 2015 -
137 1971 304 2030 servatione
331 1988 386 2049 pro
414 1972 560 2049 cuiusque
587 1972 633 2031 rei
660 1972 758 2032 causis
787 1970 833 2032 vel
859 1969 1008 2029 mensuris
1030 1965 1078 2025 vel
1103 1984 1153 2028 ne·
1167 1984 1190 2024 a

137 2057 340 2138 cessitatibus3
364 2066 410 2119 est
432 2076 557 2137 prorsus
581 2076 708 2141 sacrum,
732 2068 766 2120 ut
788 2068 892 2121 auctor
912 2057 1040 2116 nominis
1060 2053 1154 2117 huius

85 2158 118 2207 14
137 2144 300 2222 appellavit.
347 2145 380 2206 Si
412 2146 529 2225 quando
561 2155 660 2209 autem
692 2147 859 2210 efficaciore
892 2144 1074 2205 voluerimus
1110 2147 1155 2205 uti

136 2240 261 2311 propter
278 2232 483 2295 difficultatem
501 2235 666 2296 naturalem
683 2237 824 2298 vitiorum
841 2242 893 2298 aut
911 2250 1068 2295 causarum
1086 2232 1153 2293 din·

138 2322 322 2400 turnitatem,
345 2328 378 2382 ut
401 2324 426 2382 si
450 2322 580 2384 dandum
603 2326 643 2384 sit
665 2324 787 2386 furiosis
810 2333 862 2387 aut
875 2321 1026 2385 comitiali
1046 2321 1154 2383 morbo

137 2411 285 2487 correptis
301 2408 348 2469 vel
366 2409 535 2473 lumborum
554 2420 734 2492 perpetuum
753 2414 885 2475 dolorem
903 2409 1081 2473 habentibus
1101 2431 1154 2491 po·
1169 2430 1192 2472 ss

138 2497 262 2576 dagrave
286 2500 436 2581 cruciatis,
460 2499 632 2562 cucurbitae
656 2502 802 2564 silvestris
823 2503 986 2564 adiciemus
1004 2499 1040 2559 ad
1060 2517 1154 2579 supra

137 2586 215 2647 dicta
243 2586 375 2667 pondera
402 2588 540 2650 denarios
567 2590 671 2652 decem
698 2599 729 2651 et
756 2592 934 2671 opopanacis
957 2597 1045 2667 atque
1069 2606 1154 2668 saga·

137 2677 207 2755 peni
231 2677 367 2738 denarios
391 2681 512 2761 quinos3
540 2679 733 2759 quamobrem
762 2688 889 2760 utraque
916 2685 1017 2757 parata
1040 2676 1155 2739 debent

137 2783 203 2826 esse
229 2766 456 2849 medicamenta,
484 2775 530 2849 ut,
559 2787 628 2830 cum
657 2786 732 2848 opus
759 2769 863 2850 luerit,
892 2786 965 2829 usus
993 2767 1153 2846 utriusque

136 2856 166 2915 in
200 2863 340 2935 promptu
374 2858 420 2918 sit.
473 2856 547 2918 lllud
585 2875 655 2918 sane
692 2875 763 2936 prae
796 2860 905 2919 ceteris
939 2855 1010 2916 mibi
1044 2855 1151 2916 credas
1166 2876 1193 2916 so

136 2943 237 3027 velim,
265 2945 336 3006 dum
363 2947 394 3006 in
422 2945 486 3006 aliis
515 2945 606 3007 rebus
633 2947 697 3026 ipse
725 2948 785 3006 vim
812 2949 877 3007 eius
907 2945 1066 3024 experiris,
1093 2943 1154 3005 hoc

137 3032 352 3094 medicamento
385 3052 445 3094 non
473 3034 570 3096 solum
597 3053 657 3096 non
687 3037 790 3097 noceri
817 3033 1014 3115 stomachum,
1046 3051 1154 3094 verum

138 3120 226 3178 etiam
250 3122 333 3181 refici
356 3130 387 3183 et
409 3123 579 3183 confirmari
603 3141 692 3203 supra
716 3125 849 3184 omnium
872 3124 1050 3202 opinionem.

87 3216 119 3266 15
228 3206 484 3289 Medicamentum,
504 3211 584 3289 quod
603 3213 723 3289 proprie
742 3211 884 3273 adversus
899 3210 1078 3273 solutionem
1092 3218 1154 3272 sto·

229 3418 244 3466 c
264 3411 487 3486 chamaedropis]
507 3416 681 3486 pataream
699 3415 824 3474 streton.
879 3416 1153 3491 eeotoeynuteam]

138 3483 331 3538 sotocvvbldoc
349 3481 475 3540 Scribere.
548 3493 581 3543 31
600 3487 684 3544 rebus
702 3503 752 3545 om.
772 3487 898 3547 Scribere.
