<?xml version="1.0" encoding="UTF-8"?>
<!DOCTYPE html PUBLIC "-//W3C//DTD XHTML 1.0 Transitional//EN"
    "http://www.w3.org/TR/xhtml1/DTD/xhtml1-transitional.dtd">
<html xmlns="http://www.w3.org/1999/xhtml" xml:lang="en" lang="en">
 <head>
  <title>
</title>
<meta http-equiv="Content-Type" content="text/html;charset=utf-8" />
  <meta name='ocr-system' content='tesseract 3.04.00' />
  <meta name='ocr-capabilities' content='ocr_page ocr_carea ocr_par ocr_line ocrx_word'/>
</head>
<body>
  <div class='ocr_page' id='page_1' title='image "./marcellidemedic00helmgoog/marcellidemedic00helmgoog_0209.png"; bbox 0 0 2422 3878; ppageno 0'>
   <div class='ocr_carea' id='block_1_1' title="bbox 519 119 760 183">
    <p class='ocr_par' dir='ltr' id='par_1_1' title="bbox 519 119 760 183">
     <span class='ocr_line' id='line_1_1' title="bbox 519 119 760 183; baseline -0.004 0"><span class='ocrx_word' id='word_1_1' title='bbox 519 119 760 183; x_wconf 85' lang='grc'>-196-</span> 
     </span>
    </p>
   </div>
   <div class='ocr_carea' id='block_1_2' title="bbox 46 280 1192 3190">
    <p class='ocr_par' dir='ltr' id='par_1_2' title="bbox 132 280 1149 364">
     <span class='ocr_line' id='line_1_2' title="bbox 132 280 1149 364; baseline -0.003 -18"><span class='ocrx_word' id='word_1_2' title='bbox 132 285 277 364; x_wconf 85' lang='lat' dir='ltr'>Cydoneis</span> <span class='ocrx_word' id='word_1_3' title='bbox 297 291 347 343; x_wconf 90' lang='lat' dir='ltr'>aut</span> <span class='ocrx_word' id='word_1_4' title='bbox 365 281 501 362; x_wconf 91' lang='lat' dir='ltr'>palmulis</span> <span class='ocrx_word' id='word_1_5' title='bbox 522 280 678 342; x_wconf 89' lang='lat' dir='ltr'>Thebaicis</span> <span class='ocrx_word' id='word_1_6' title='bbox 700 292 751 342; x_wconf 90' lang='lat' dir='ltr'>aut</span> <span class='ocrx_word' id='word_1_7' title='bbox 769 280 850 342; x_wconf 92' lang='lat' dir='ltr'>bacis</span> <span class='ocrx_word' id='word_1_8' title='bbox 869 288 981 360; x_wconf 90' lang='lat' dir='ltr'>myrtae</span> <span class='ocrx_word' id='word_1_9' title='bbox 1001 280 1050 341; x_wconf 87' lang='lat' dir='ltr'>vel</span> <span class='ocrx_word' id='word_1_10' title='bbox 1069 282 1149 343; x_wconf 87' lang='lat' dir='ltr'>foliis</span> 
     </span>
    </p>

    <p class='ocr_par' dir='ltr' id='par_1_3' title="bbox 133 370 1151 450">
     <span class='ocr_line' id='line_1_3' title="bbox 133 370 1151 450; baseline -0.001 -17"><span class='ocrx_word' id='word_1_11' title='bbox 133 380 184 433; x_wconf 92' lang='lat' dir='ltr'>aut</span> <span class='ocrx_word' id='word_1_12' title='bbox 207 373 306 450; x_wconf 84' lang='lat' dir='ltr'>granis</span> <span class='ocrx_word' id='word_1_13' title='bbox 330 371 398 431; x_wconf 92' lang='lat' dir='ltr'>mali</span> <span class='ocrx_word' id='word_1_14' title='bbox 422 371 526 430; x_wconf 90' lang='lat' dir='ltr'>Punici</span> <span class='ocrx_word' id='word_1_15' title='bbox 554 378 605 431; x_wconf 92' lang='lat' dir='ltr'>aut</span> <span class='ocrx_word' id='word_1_16' title='bbox 630 370 748 431; x_wconf 82' lang='lat' dir='ltr'><strong>lentisci</strong></span> <span class='ocrx_word' id='word_1_17' title='bbox 771 370 849 430; x_wconf 92' lang='lat' dir='ltr'>foliis</span> <span class='ocrx_word' id='word_1_18' title='bbox 868 371 980 430; x_wconf 88' lang='lat' dir='ltr'>teneris</span> <span class='ocrx_word' id='word_1_19' title='bbox 1004 378 1057 430; x_wconf 92' lang='lat' dir='ltr'>aut</span> <span class='ocrx_word' id='word_1_20' title='bbox 1081 370 1151 432; x_wconf 92' lang='lat' dir='ltr'>rubi</span> 
     </span>
    </p>

    <p class='ocr_par' dir='ltr' id='par_1_4' title="bbox 132 457 1151 538">
     <span class='ocr_line' id='line_1_4' title="bbox 132 457 1151 538; baseline -0.002 -15"><span class='ocrx_word' id='word_1_21' title='bbox 132 462 261 523; x_wconf 85' lang='lat' dir='ltr'>admixto</span> <span class='ocrx_word' id='word_1_22' title='bbox 285 459 344 520; x_wconf 95' lang='lat' dir='ltr'>illic</span> <span class='ocrx_word' id='word_1_23' title='bbox 368 459 466 538; x_wconf 89' lang='lat' dir='ltr'>aliquo</span> <span class='ocrx_word' id='word_1_24' title='bbox 486 477 576 537; x_wconf 90' lang='lat' dir='ltr'>supra</span> <span class='ocrx_word' id='word_1_25' title='bbox 595 459 667 519; x_wconf 89' lang='lat' dir='ltr'>dicti</span> <span class='ocrx_word' id='word_1_26' title='bbox 686 461 804 537; x_wconf 84' lang='lat' dir='ltr'>generis</span> <span class='ocrx_word' id='word_1_27' title='bbox 823 461 900 518; x_wconf 88' lang='lat' dir='ltr'>vino.</span> <span class='ocrx_word' id='word_1_28' title='bbox 939 457 1027 518; x_wconf 91' lang='lat' dir='ltr'>Panis</span> <span class='ocrx_word' id='word_1_29' title='bbox 1048 467 1151 521; x_wconf 89' lang='lat' dir='ltr'>autem</span> 
     </span>
    </p>

    <p class='ocr_par' dir='ltr' id='par_1_5' title="bbox 132 546 1150 630">
     <span class='ocr_line' id='line_1_5' title="bbox 132 546 1150 630; baseline -0.001 -19"><span class='ocrx_word' id='word_1_30' title='bbox 132 549 304 612; x_wconf 90' lang='lat' dir='ltr'>huiusmodi</span> <span class='ocrx_word' id='word_1_31' title='bbox 332 546 556 608; x_wconf 87' lang='lat' dir='ltr'>difficultatibus</span> <span class='ocrx_word' id='word_1_32' title='bbox 586 548 708 627; x_wconf 87' lang='lat' dir='ltr'>prodest</span> <span class='ocrx_word' id='word_1_33' title='bbox 738 549 907 608; x_wconf 81' lang='lat' dir='ltr'><strong>summatim</strong></span> <span class='ocrx_word' id='word_1_34' title='bbox 937 548 1150 630; x_wconf 88' lang='lat' dir='ltr'>fermentatus;</span> 
     </span>
    </p>

    <p class='ocr_par' dir='ltr' id='par_1_6' title="bbox 133 635 1177 809">
     <span class='ocr_line' id='line_1_6' title="bbox 133 635 1177 718; baseline -0.004 -18"><span class='ocrx_word' id='word_1_35' title='bbox 133 639 231 701; x_wconf 90' lang='lat' dir='ltr'>edulia</span> <span class='ocrx_word' id='word_1_36' title='bbox 259 655 377 717; x_wconf 88' lang='lat' dir='ltr'>quoque</span> <span class='ocrx_word' id='word_1_37' title='bbox 405 644 532 715; x_wconf 91' lang='lat' dir='ltr'>prosunt</span> <span class='ocrx_word' id='word_1_38' title='bbox 558 636 645 696; x_wconf 91' lang='lat' dir='ltr'>haec:</span> <span class='ocrx_word' id='word_1_39' title='bbox 681 635 794 716; x_wconf 89' lang='lat' dir='ltr'>lntubi,</span> <span class='ocrx_word' id='word_1_40' title='bbox 827 636 958 697; x_wconf 82' lang='lat' dir='ltr'>lactucae</span> <span class='ocrx_word' id='word_1_41' title='bbox 990 655 1026 696; x_wconf 86' lang='lat' dir='ltr'>ex</span> <span class='ocrx_word' id='word_1_42' title='bbox 1055 645 1177 718; x_wconf 82' lang='lat' dir='ltr'>aceto,a</span> 
     </span>
     <span class='ocr_line' id='line_1_7' title="bbox 133 724 1154 809; baseline -0.002 -20"><span class='ocrx_word' id='word_1_43' title='bbox 133 728 291 806; x_wconf 82' lang='lat' dir='ltr'><strong>brassicae,</strong></span> <span class='ocrx_word' id='word_1_44' title='bbox 311 727 397 803; x_wconf 89' lang='lat' dir='ltr'>siser,</span> <span class='ocrx_word' id='word_1_45' title='bbox 415 725 532 785; x_wconf 78' lang='lat' dir='ltr'>cocleae</span> <span class='ocrx_word' id='word_1_46' title='bbox 552 724 705 785; x_wconf 91' lang='lat' dir='ltr'>bullientis</span> <span class='ocrx_word' id='word_1_47' title='bbox 729 724 871 799; x_wconf 82' lang='lat' dir='ltr'>frustella,</span> <span class='ocrx_word' id='word_1_48' title='bbox 894 724 1038 805; x_wconf 81' lang='lat' dir='ltr'>uugellae,</span> <span class='ocrx_word' id='word_1_49' title='bbox 1058 727 1154 809; x_wconf 90' lang='lat' dir='ltr'>turdi,</span> 
     </span>
    </p>

    <p class='ocr_par' dir='ltr' id='par_1_7' title="bbox 134 812 1154 897">
     <span class='ocr_line' id='line_1_8' title="bbox 134 812 1154 897; baseline -0.001 -21"><span class='ocrx_word' id='word_1_50' title='bbox 134 817 284 896; x_wconf 88' lang='lat' dir='ltr'>perdices,</span> <span class='ocrx_word' id='word_1_51' title='bbox 317 821 465 894; x_wconf 89' lang='lat' dir='ltr'>turtures,</span> <span class='ocrx_word' id='word_1_52' title='bbox 497 821 663 893; x_wconf 81' lang='lat' dir='ltr'>attagenae,</span> <span class='ocrx_word' id='word_1_53' title='bbox 690 812 835 892; x_wconf 88' lang='lat' dir='ltr'>palumbi,</span> <span class='ocrx_word' id='word_1_54' title='bbox 865 815 978 894; x_wconf 92' lang='lat' dir='ltr'>cancri,</span> <span class='ocrx_word' id='word_1_55' title='bbox 1006 813 1154 897; x_wconf 91' lang='lat' dir='ltr'>locustae,</span> 
     </span>
    </p>

    <p class='ocr_par' dir='ltr' id='par_1_8' title="bbox 135 902 1109 983">
     <span class='ocr_line' id='line_1_9' title="bbox 135 902 1109 983; baseline 0 -19"><span class='ocrx_word' id='word_1_56' title='bbox 135 904 290 983; x_wconf 86' lang='lat' dir='ltr'>lolligines,</span> <span class='ocrx_word' id='word_1_57' title='bbox 314 903 438 983; x_wconf 83' lang='lat' dir='ltr'>saepiae,</span> <span class='ocrx_word' id='word_1_58' title='bbox 462 902 554 983; x_wconf 92' lang='lat' dir='ltr'>mulli,</span> <span class='ocrx_word' id='word_1_59' title='bbox 578 903 717 981; x_wconf 91' lang='lat' dir='ltr'>murices,</span> <span class='ocrx_word' id='word_1_60' title='bbox 740 920 901 981; x_wconf 82' lang='lat' dir='ltr'>purpurae,</span> <span class='ocrx_word' id='word_1_61' title='bbox 924 903 1109 980; x_wconf 88' lang='lat' dir='ltr'>pectunculi.</span> 
     </span>
    </p>

    <p class='ocr_par' dir='ltr' id='par_1_9' title="bbox 82 990 1191 1602">
     <span class='ocr_line' id='line_1_10' title="bbox 82 990 1155 1068; baseline -0.002 -12"><span class='ocrx_word' id='word_1_62' title='bbox 82 1006 115 1056; x_wconf 76' lang='lat'>27</span> <span class='ocrx_word' id='word_1_63' title='bbox 224 991 268 1051; x_wconf 82' lang='lat' dir='ltr'>hd</span> <span class='ocrx_word' id='word_1_64' title='bbox 292 990 457 1051; x_wconf 88' lang='lat' dir='ltr'>resolutum</span> <span class='ocrx_word' id='word_1_65' title='bbox 481 990 665 1051; x_wconf 90' lang='lat' dir='ltr'>stomachum</span> <span class='ocrx_word' id='word_1_66' title='bbox 689 990 754 1050; x_wconf 93' lang='lat' dir='ltr'>dari</span> <span class='ocrx_word' id='word_1_67' title='bbox 776 998 895 1068; x_wconf 89' lang='lat' dir='ltr'>oportet</span> <span class='ocrx_word' id='word_1_68' title='bbox 919 992 1057 1068; x_wconf 92' lang='lat' dir='ltr'>protinus</span> <span class='ocrx_word' id='word_1_69' title='bbox 1083 1011 1155 1053; x_wconf 93' lang='lat' dir='ltr'>cum</span> 
     </span>
     <span class='ocr_line' id='line_1_11' title="bbox 135 1078 1190 1158; baseline -0.004 -17"><span class='ocrx_word' id='word_1_70' title='bbox 135 1081 274 1142; x_wconf 89' lang='lat' dir='ltr'>reiecerit</span> <span class='ocrx_word' id='word_1_71' title='bbox 301 1097 407 1157; x_wconf 90' lang='lat' dir='ltr'>panem</span> <span class='ocrx_word' id='word_1_72' title='bbox 436 1097 472 1138; x_wconf 84' lang='lat' dir='ltr'>ex</span> <span class='ocrx_word' id='word_1_73' title='bbox 500 1098 576 1158; x_wconf 93' lang='lat' dir='ltr'>aqua</span> <span class='ocrx_word' id='word_1_74' title='bbox 603 1079 709 1157; x_wconf 81' lang='lat' dir='ltr'>frigida</span> <span class='ocrx_word' id='word_1_75' title='bbox 736 1078 783 1138; x_wconf 85' lang='lat' dir='ltr'>vel</span> <span class='ocrx_word' id='word_1_76' title='bbox 815 1097 851 1139; x_wconf 86' lang='lat' dir='ltr'>ex</span> <span class='ocrx_word' id='word_1_77' title='bbox 878 1097 967 1157; x_wconf 89' lang='lat' dir='ltr'>posca</span> <span class='ocrx_word' id='word_1_78' title='bbox 1000 1087 1029 1139; x_wconf 92' lang='lat' dir='ltr'>et</span> <span class='ocrx_word' id='word_1_79' title='bbox 1059 1083 1087 1140; x_wconf 90' lang='lat' dir='ltr'>si</span> <span class='ocrx_word' id='word_1_80' title='bbox 1116 1099 1156 1142; x_wconf 91' lang='lat' dir='ltr'>ne</span> <span class='ocrx_word' id='word_1_81' title='bbox 1170 1098 1190 1138; x_wconf 85' lang='grc' dir='ltr'>ιο</span> 
     </span>
     <span class='ocr_line' id='line_1_12' title="bbox 135 1166 1157 1249; baseline 0.002 -20"><span class='ocrx_word' id='word_1_82' title='bbox 135 1169 193 1230; x_wconf 92' lang='lat' dir='ltr'>hoc</span> <span class='ocrx_word' id='word_1_83' title='bbox 213 1168 334 1247; x_wconf 91' lang='lat' dir='ltr'>quidem</span> <span class='ocrx_word' id='word_1_84' title='bbox 351 1169 541 1249; x_wconf 89' lang='lat' dir='ltr'>continuerit,</span> <span class='ocrx_word' id='word_1_85' title='bbox 561 1169 661 1228; x_wconf 89' lang='lat' dir='ltr'>statim</span> <span class='ocrx_word' id='word_1_86' title='bbox 679 1167 750 1226; x_wconf 91' lang='lat' dir='ltr'>dare</span> <span class='ocrx_word' id='word_1_87' title='bbox 770 1166 860 1226; x_wconf 88' lang='lat' dir='ltr'>debes</span> <span class='ocrx_word' id='word_1_88' title='bbox 879 1167 988 1227; x_wconf 88' lang='lat' dir='ltr'>lentem</span> <span class='ocrx_word' id='word_1_89' title='bbox 1006 1175 1036 1227; x_wconf 88' lang='lat' dir='ltr'>et</span> <span class='ocrx_word' id='word_1_90' title='bbox 1051 1167 1157 1231; x_wconf 89' lang='lat' dir='ltr'>betam</span> 
     </span>
     <span class='ocr_line' id='line_1_13' title="bbox 137 1255 1157 1334; baseline 0.002 -16"><span class='ocrx_word' id='word_1_91' title='bbox 137 1265 251 1318; x_wconf 89' lang='lat' dir='ltr'>coctam</span> <span class='ocrx_word' id='word_1_92' title='bbox 278 1256 325 1316; x_wconf 87' lang='lat' dir='ltr'>vel</span> <span class='ocrx_word' id='word_1_93' title='bbox 356 1256 458 1317; x_wconf 92' lang='lat' dir='ltr'>alicam</span> <span class='ocrx_word' id='word_1_94' title='bbox 486 1256 533 1317; x_wconf 88' lang='lat' dir='ltr'>vel</span> <span class='ocrx_word' id='word_1_95' title='bbox 561 1275 613 1316; x_wconf 89' lang='lat' dir='ltr'>ova</span> <span class='ocrx_word' id='word_1_96' title='bbox 642 1255 724 1334; x_wconf 91' lang='lat' dir='ltr'>apala</span> <span class='ocrx_word' id='word_1_97' title='bbox 747 1255 794 1315; x_wconf 86' lang='lat' dir='ltr'>vel</span> <span class='ocrx_word' id='word_1_98' title='bbox 817 1255 964 1333; x_wconf 82' lang='lat' dir='ltr'>ungellam</span> <span class='ocrx_word' id='word_1_99' title='bbox 988 1257 1157 1320; x_wconf 86' lang='lat' dir='ltr'>discoctam</span> 
     </span>
     <span class='ocr_line' id='line_1_14' title="bbox 136 1344 1159 1424; baseline 0.004 -19"><span class='ocrx_word' id='word_1_100' title='bbox 136 1346 183 1405; x_wconf 88' lang='lat' dir='ltr'>vel</span> <span class='ocrx_word' id='word_1_101' title='bbox 207 1344 321 1406; x_wconf 88' lang='lat' dir='ltr'>cocleas</span> <span class='ocrx_word' id='word_1_102' title='bbox 345 1345 435 1405; x_wconf 80' lang='lat' dir='ltr'>elixas</span> <span class='ocrx_word' id='word_1_103' title='bbox 459 1353 510 1406; x_wconf 92' lang='lat' dir='ltr'>aut</span> <span class='ocrx_word' id='word_1_104' title='bbox 533 1347 662 1405; x_wconf 90' lang='lat' dir='ltr'>murices</span> <span class='ocrx_word' id='word_1_105' title='bbox 687 1353 716 1404; x_wconf 90' lang='lat' dir='ltr'>et</span> <span class='ocrx_word' id='word_1_106' title='bbox 739 1362 846 1423; x_wconf 89' lang='lat' dir='ltr'>aquam</span> <span class='ocrx_word' id='word_1_107' title='bbox 869 1344 1019 1424; x_wconf 75' lang='lat' dir='ltr'>frigidam,</span> <span class='ocrx_word' id='word_1_108' title='bbox 1050 1348 1104 1407; x_wconf 88' lang='lat' dir='ltr'>sed</span> <span class='ocrx_word' id='word_1_109' title='bbox 1132 1352 1159 1409; x_wconf 92' lang='lat' dir='ltr'>si</span> 
     </span>
     <span class='ocr_line' id='line_1_15' title="bbox 137 1433 1158 1514; baseline 0.001 -19"><span class='ocrx_word' id='word_1_110' title='bbox 137 1434 212 1495; x_wconf 95' lang='lat' dir='ltr'>nihil</span> <span class='ocrx_word' id='word_1_111' title='bbox 236 1452 325 1512; x_wconf 91' lang='lat' dir='ltr'>supra</span> <span class='ocrx_word' id='word_1_112' title='bbox 348 1434 497 1495; x_wconf 92' lang='lat' dir='ltr'>dictorum</span> <span class='ocrx_word' id='word_1_113' title='bbox 520 1434 711 1514; x_wconf 88' lang='lat' dir='ltr'>continuerit,</span> <span class='ocrx_word' id='word_1_114' title='bbox 735 1433 849 1493; x_wconf 87' lang='lat' dir='ltr'>dandus</span> <span class='ocrx_word' id='word_1_115' title='bbox 873 1435 930 1492; x_wconf 89' lang='lat' dir='ltr'>erit</span> <span class='ocrx_word' id='word_1_116' title='bbox 953 1434 1014 1492; x_wconf 88' lang='lat' dir='ltr'>vini</span> <span class='ocrx_word' id='word_1_117' title='bbox 1038 1439 1158 1498; x_wconf 89' lang='lat' dir='ltr'>austeri</span> 
     </span>
     <span class='ocr_line' id='line_1_16' title="bbox 137 1519 1191 1602; baseline -0.002 -18"><span class='ocrx_word' id='word_1_118' title='bbox 137 1525 214 1585; x_wconf 88' lang='lat' dir='ltr'>meri</span> <span class='ocrx_word' id='word_1_119' title='bbox 232 1523 355 1602; x_wconf 83' lang='lat' dir='ltr'>cyathus</span> <span class='ocrx_word' id='word_1_120' title='bbox 374 1531 403 1583; x_wconf 90' lang='lat' dir='ltr'>et</span> <span class='ocrx_word' id='word_1_121' title='bbox 422 1541 458 1582; x_wconf 81' lang='lat' dir='ltr'>ex</span> <span class='ocrx_word' id='word_1_122' title='bbox 476 1521 632 1582; x_wconf 91' lang='lat' dir='ltr'>intervallo</span> <span class='ocrx_word' id='word_1_123' title='bbox 652 1519 697 1581; x_wconf 93' lang='lat' dir='ltr'>bis</span> <span class='ocrx_word' id='word_1_124' title='bbox 717 1530 799 1581; x_wconf 88' lang='lat' dir='ltr'>terve</span> <span class='ocrx_word' id='word_1_125' title='bbox 819 1539 924 1581; x_wconf 91' lang='lat' dir='ltr'>rursus</span> <span class='ocrx_word' id='word_1_126' title='bbox 943 1521 1022 1580; x_wconf 88' lang='lat' dir='ltr'>idem</span> <span class='ocrx_word' id='word_1_127' title='bbox 1043 1524 1191 1587; x_wconf 78' lang='lat' dir='ltr'>facien-15</span> 
     </span>
    </p>

    <p class='ocr_par' dir='ltr' id='par_1_10' title="bbox 85 1610 1190 2223">
     <span class='ocr_line' id='line_1_17' title="bbox 85 1610 1158 1689; baseline 0.001 -14"><span class='ocrx_word' id='word_1_128' title='bbox 85 1626 119 1675; x_wconf 82' lang='lat'>28</span> <span class='ocrx_word' id='word_1_129' title='bbox 139 1613 210 1673; x_wconf 96' lang='lat' dir='ltr'>dum</span> <span class='ocrx_word' id='word_1_130' title='bbox 234 1614 300 1671; x_wconf 87' lang='lat' dir='ltr'>erit.</span> <span class='ocrx_word' id='word_1_131' title='bbox 323 1611 405 1671; x_wconf 92' lang='lat' dir='ltr'>Vinis</span> <span class='ocrx_word' id='word_1_132' title='bbox 430 1629 548 1689; x_wconf 89' lang='lat' dir='ltr'>quoque</span> <span class='ocrx_word' id='word_1_133' title='bbox 572 1610 717 1669; x_wconf 88' lang='lat' dir='ltr'>utendum</span> <span class='ocrx_word' id='word_1_134' title='bbox 741 1617 787 1670; x_wconf 90' lang='lat' dir='ltr'>est</span> <span class='ocrx_word' id='word_1_135' title='bbox 810 1612 881 1670; x_wconf 92' lang='lat' dir='ltr'>satis</span> <span class='ocrx_word' id='word_1_136' title='bbox 902 1611 1056 1672; x_wconf 87' lang='lat' dir='ltr'>stomacho</span> <span class='ocrx_word' id='word_1_137' title='bbox 1076 1615 1158 1675; x_wconf 90' lang='lat' dir='ltr'>utili·</span> 
     </span>
     <span class='ocr_line' id='line_1_18' title="bbox 139 1698 1158 1779; baseline 0.003 -18"><span class='ocrx_word' id='word_1_138' title='bbox 139 1702 195 1761; x_wconf 92' lang='lat' dir='ltr'>bus</span> <span class='ocrx_word' id='word_1_139' title='bbox 226 1708 276 1760; x_wconf 80' lang='lat' dir='ltr'>atrt</span> <span class='ocrx_word' id='word_1_140' title='bbox 304 1718 340 1759; x_wconf 86' lang='lat' dir='ltr'>ex</span> <span class='ocrx_word' id='word_1_141' title='bbox 371 1698 453 1758; x_wconf 90' lang='lat' dir='ltr'>bacis</span> <span class='ocrx_word' id='word_1_142' title='bbox 480 1706 593 1778; x_wconf 90' lang='lat' dir='ltr'>myrtae</span> <span class='ocrx_word' id='word_1_143' title='bbox 624 1700 709 1765; x_wconf 86' lang='lat' dir='ltr'>factis</span> <span class='ocrx_word' id='word_1_144' title='bbox 741 1705 793 1758; x_wconf 93' lang='lat' dir='ltr'>aut</span> <span class='ocrx_word' id='word_1_145' title='bbox 825 1717 861 1758; x_wconf 89' lang='lat' dir='ltr'>ex</span> <span class='ocrx_word' id='word_1_146' title='bbox 895 1698 978 1758; x_wconf 93' lang='lat' dir='ltr'>malis</span> <span class='ocrx_word' id='word_1_147' title='bbox 1012 1701 1158 1779; x_wconf 88' lang='lat' dir='ltr'>cydoneis</span> 
     </span>
     <span class='ocr_line' id='line_1_19' title="bbox 138 1786 1159 1868; baseline 0.003 -19"><span class='ocrx_word' id='word_1_148' title='bbox 138 1791 251 1868; x_wconf 90' lang='lat' dir='ltr'>pressis</span> <span class='ocrx_word' id='word_1_149' title='bbox 276 1796 326 1847; x_wconf 92' lang='lat' dir='ltr'>aut</span> <span class='ocrx_word' id='word_1_150' title='bbox 350 1805 386 1846; x_wconf 84' lang='lat' dir='ltr'>ex</span> <span class='ocrx_word' id='word_1_151' title='bbox 404 1788 548 1866; x_wconf 90' lang='lat' dir='ltr'>iuniperis</span> <span class='ocrx_word' id='word_1_152' title='bbox 566 1787 612 1847; x_wconf 87' lang='lat' dir='ltr'>rel</span> <span class='ocrx_word' id='word_1_153' title='bbox 631 1787 743 1866; x_wconf 81' lang='lat' dir='ltr'>hysopo</span> <span class='ocrx_word' id='word_1_154' title='bbox 763 1786 947 1848; x_wconf 75' lang='lat' dir='ltr'>conditouel</span> <span class='ocrx_word' id='word_1_155' title='bbox 965 1790 1091 1866; x_wconf 84' lang='lat' dir='ltr'>origano</span> <span class='ocrx_word' id='word_1_156' title='bbox 1111 1792 1159 1852; x_wconf 88' lang='lat' dir='ltr'>vel</span> 
     </span>
     <span class='ocr_line' id='line_1_20' title="bbox 140 1875 1159 1961; baseline 0.003 -23"><span class='ocrx_word' id='word_1_157' title='bbox 140 1897 176 1938; x_wconf 86' lang='lat' dir='ltr'>ex</span> <span class='ocrx_word' id='word_1_158' title='bbox 199 1875 351 1937; x_wconf 92' lang='lat' dir='ltr'>marrubio</span> <span class='ocrx_word' id='word_1_159' title='bbox 374 1875 421 1934; x_wconf 89' lang='lat' dir='ltr'>vel</span> <span class='ocrx_word' id='word_1_160' title='bbox 444 1893 480 1935; x_wconf 85' lang='lat' dir='ltr'>ex</span> <span class='ocrx_word' id='word_1_161' title='bbox 504 1883 571 1936; x_wconf 91' lang='lat' dir='ltr'>ruta</span> <span class='ocrx_word' id='word_1_162' title='bbox 597 1875 729 1936; x_wconf 89' lang='lat' dir='ltr'>silvatica</span> <span class='ocrx_word' id='word_1_163' title='bbox 747 1875 793 1935; x_wconf 88' lang='lat' dir='ltr'>vel</span> <span class='ocrx_word' id='word_1_164' title='bbox 812 1894 848 1935; x_wconf 81' lang='lat' dir='ltr'>ex</span> <span class='ocrx_word' id='word_1_165' title='bbox 866 1875 957 1935; x_wconf 93' lang='lat' dir='ltr'>herba</span> <span class='ocrx_word' id='word_1_166' title='bbox 976 1875 1159 1961; x_wconf 89' lang='lat' dir='ltr'>lucernaria,</span> 
     </span>
     <span class='ocr_line' id='line_1_21' title="bbox 141 1963 1190 2046; baseline -0.001 -21"><span class='ocrx_word' id='word_1_167' title='bbox 141 1984 228 2046; x_wconf 89' lang='lat' dir='ltr'>quam</span> <span class='ocrx_word' id='word_1_168' title='bbox 252 1965 358 2025; x_wconf 85' lang='lat' dir='ltr'>Graeci</span> <span class='ocrx_word' id='word_1_169' title='bbox 380 1963 520 2041; x_wconf 90' lang='lat' dir='ltr'>phlomon</span> <span class='ocrx_word' id='word_1_170' title='bbox 544 1972 662 2044; x_wconf 88' lang='lat' dir='ltr'>vocant,</span> <span class='ocrx_word' id='word_1_171' title='bbox 686 1963 732 2024; x_wconf 88' lang='lat' dir='ltr'>vel</span> <span class='ocrx_word' id='word_1_172' title='bbox 755 1983 791 2024; x_wconf 83' lang='lat' dir='ltr'>ex</span> <span class='ocrx_word' id='word_1_173' title='bbox 814 1964 931 2024; x_wconf 90' lang='lat' dir='ltr'>scordio</span> <span class='ocrx_word' id='word_1_174' title='bbox 956 1964 1063 2026; x_wconf 85' lang='lat' dir='ltr'>velex</span> <span class='ocrx_word' id='word_1_175' title='bbox 1089 1983 1190 2030; x_wconf 82' lang='lat' dir='ltr'>cen-ao</span> 
     </span>
     <span class='ocr_line' id='line_1_22' title="bbox 140 2052 1159 2132; baseline 0.003 -17"><span class='ocrx_word' id='word_1_176' title='bbox 140 2063 243 2115; x_wconf 88' lang='lat' dir='ltr'>taurea</span> <span class='ocrx_word' id='word_1_177' title='bbox 266 2053 313 2113; x_wconf 86' lang='lat' dir='ltr'>vel</span> <span class='ocrx_word' id='word_1_178' title='bbox 336 2071 372 2112; x_wconf 83' lang='lat' dir='ltr'>ex</span> <span class='ocrx_word' id='word_1_179' title='bbox 395 2052 470 2132; x_wconf 93' lang='lat' dir='ltr'>lycio</span> <span class='ocrx_word' id='word_1_180' title='bbox 493 2053 541 2112; x_wconf 87' lang='lat' dir='ltr'>vel</span> <span class='ocrx_word' id='word_1_181' title='bbox 563 2071 599 2112; x_wconf 82' lang='lat' dir='ltr'>ex</span> <span class='ocrx_word' id='word_1_182' title='bbox 622 2053 777 2113; x_wconf 88' lang='lat' dir='ltr'>ahsentbio</span> <span class='ocrx_word' id='word_1_183' title='bbox 800 2053 845 2113; x_wconf 92' lang='lat' dir='ltr'>vel</span> <span class='ocrx_word' id='word_1_184' title='bbox 864 2072 899 2112; x_wconf 85' lang='lat' dir='ltr'>ex</span> <span class='ocrx_word' id='word_1_185' title='bbox 919 2053 1092 2117; x_wconf 87' lang='lat' dir='ltr'>terebintho</span> <span class='ocrx_word' id='word_1_186' title='bbox 1112 2058 1159 2118; x_wconf 90' lang='lat' dir='ltr'>vel</span> 
     </span>
     <span class='ocr_line' id='line_1_23' title="bbox 142 2140 1086 2223; baseline 0.003 -21"><span class='ocrx_word' id='word_1_187' title='bbox 142 2162 178 2202; x_wconf 84' lang='lat' dir='ltr'>ex</span> <span class='ocrx_word' id='word_1_188' title='bbox 200 2141 324 2223; x_wconf 87' lang='lat' dir='ltr'>lentisco</span> <span class='ocrx_word' id='word_1_189' title='bbox 349 2140 395 2200; x_wconf 88' lang='lat' dir='ltr'>vel</span> <span class='ocrx_word' id='word_1_190' title='bbox 418 2160 455 2201; x_wconf 81' lang='lat' dir='ltr'>ex</span> <span class='ocrx_word' id='word_1_191' title='bbox 476 2143 551 2219; x_wconf 92' lang='lat' dir='ltr'>piris</span> <span class='ocrx_word' id='word_1_192' title='bbox 571 2141 699 2220; x_wconf 86' lang='lat' dir='ltr'>Syriacis</span> <span class='ocrx_word' id='word_1_193' title='bbox 722 2141 768 2201; x_wconf 91' lang='lat' dir='ltr'>vel</span> <span class='ocrx_word' id='word_1_194' title='bbox 792 2160 828 2201; x_wconf 86' lang='lat' dir='ltr'>ex</span> <span class='ocrx_word' id='word_1_195' title='bbox 851 2141 927 2201; x_wconf 94' lang='lat' dir='ltr'>malo</span> <span class='ocrx_word' id='word_1_196' title='bbox 951 2151 1086 2219; x_wconf 82' lang='lat' dir='ltr'>granato.</span> 
     </span>
    </p>

    <p class='ocr_par' dir='ltr' id='par_1_11' title="bbox 88 2227 1160 2400">
     <span class='ocr_line' id='line_1_24' title="bbox 88 2227 1159 2312; baseline 0.009 -26"><span class='ocrx_word' id='word_1_197' title='bbox 88 2245 122 2294; x_wconf 82' lang='lat'>29</span> <span class='ocrx_word' id='word_1_198' title='bbox 230 2230 274 2288; x_wconf 82' lang='lat' dir='ltr'>td</span> <span class='ocrx_word' id='word_1_199' title='bbox 296 2227 479 2289; x_wconf 88' lang='lat' dir='ltr'>inflationem</span> <span class='ocrx_word' id='word_1_200' title='bbox 503 2229 656 2312; x_wconf 90' lang='lat' dir='ltr'>stomachi,</span> <span class='ocrx_word' id='word_1_201' title='bbox 680 2230 737 2290; x_wconf 95' lang='lat' dir='ltr'>coli</span> <span class='ocrx_word' id='word_1_202' title='bbox 760 2240 790 2291; x_wconf 87' lang='lat' dir='ltr'>et</span> <span class='ocrx_word' id='word_1_203' title='bbox 813 2233 924 2290; x_wconf 90' lang='lat' dir='ltr'>ventris</span> <span class='ocrx_word' id='word_1_204' title='bbox 948 2230 1067 2292; x_wconf 91' lang='lat' dir='ltr'>dolores</span> <span class='ocrx_word' id='word_1_205' title='bbox 1087 2235 1159 2296; x_wconf 93' lang='lat' dir='ltr'>dan-</span> 
     </span>
     <span class='ocr_line' id='line_1_25' title="bbox 143 2316 1160 2400; baseline 0.006 -21"><span class='ocrx_word' id='word_1_206' title='bbox 143 2319 213 2379; x_wconf 93' lang='lat' dir='ltr'>dum</span> <span class='ocrx_word' id='word_1_207' title='bbox 233 2326 278 2377; x_wconf 90' lang='lat' dir='ltr'>est</span> <span class='ocrx_word' id='word_1_208' title='bbox 296 2316 469 2377; x_wconf 91' lang='lat' dir='ltr'>huiusmodi</span> <span class='ocrx_word' id='word_1_209' title='bbox 487 2319 748 2378; x_wconf 86' lang='lat' dir='ltr'>medicamentum:</span> <span class='ocrx_word' id='word_1_210' title='bbox 772 2320 888 2398; x_wconf 88' lang='lat' dir='ltr'>Pipcris</span> <span class='ocrx_word' id='word_1_211' title='bbox 905 2318 1007 2400; x_wconf 85' lang='lat' dir='ltr'>llllll,</span> <span class='ocrx_word' id='word_1_212' title='bbox 1027 2327 1160 2385; x_wconf 89' lang='lat' dir='ltr'>castorei</span> 
     </span>
    </p>

    <p class='ocr_par' dir='ltr' id='par_1_12' title="bbox 46 2403 1192 3190">
     <span class='ocr_line' id='line_1_26' title="bbox 46 2403 1190 2493; baseline -0.001 -28"><span class='ocrx_word' id='word_1_213' title='bbox 46 2474 51 2483; x_wconf 41' lang='grc'><em>,</em></span> <span class='ocrx_word' id='word_1_214' title='bbox 142 2405 209 2486; x_wconf 82' lang='lat' dir='ltr'>ill,</span> <span class='ocrx_word' id='word_1_215' title='bbox 232 2408 281 2484; x_wconf 97' lang='lat' dir='ltr'>opi</span> <span class='ocrx_word' id='word_1_216' title='bbox 304 2403 384 2484; x_wconf 84' lang='lat' dir='ltr'>llll,</span> <span class='ocrx_word' id='word_1_217' title='bbox 408 2424 522 2485; x_wconf 93' lang='lat' dir='ltr'>myrrae</span> <span class='ocrx_word' id='word_1_218' title='bbox 544 2406 570 2465; x_wconf 72' lang='lat' dir='ltr'>X</span> <span class='ocrx_word' id='word_1_219' title='bbox 589 2406 621 2488; x_wconf 94' lang='lat' dir='ltr'>V,</span> <span class='ocrx_word' id='word_1_220' title='bbox 644 2406 811 2485; x_wconf 90' lang='lat' dir='ltr'>petrosilini</span> <span class='ocrx_word' id='word_1_221' title='bbox 830 2406 854 2467; x_wconf 86' lang='lat' dir='ltr'>ll</span> <span class='ocrx_word' id='word_1_222' title='bbox 873 2407 936 2488; x_wconf 95' lang='lat' dir='ltr'>llll,</span> <span class='ocrx_word' id='word_1_223' title='bbox 959 2410 1042 2468; x_wconf 86' lang='lat' dir='ltr'>anesi</span> <span class='ocrx_word' id='word_1_224' title='bbox 1063 2410 1090 2471; x_wconf 84' lang='lat' dir='ltr'>ll</span> <span class='ocrx_word' id='word_1_225' title='bbox 1109 2413 1190 2493; x_wconf 86' lang='lat' dir='ltr'>Ill,u</span> 
     </span>
     <span class='ocr_line' id='line_1_27' title="bbox 142 2494 1160 2573; baseline 0.006 -19"><span class='ocrx_word' id='word_1_226' title='bbox 142 2495 230 2554; x_wconf 92' lang='lat' dir='ltr'>nardi</span> <span class='ocrx_word' id='word_1_227' title='bbox 249 2494 386 2573; x_wconf 89' lang='lat' dir='ltr'>Syriacae</span> <span class='ocrx_word' id='word_1_228' title='bbox 407 2494 433 2553; x_wconf 85' lang='lat' dir='ltr'>li</span> <span class='ocrx_word' id='word_1_229' title='bbox 451 2494 472 2555; x_wconf 91' lang='lat'>1.</span> <span class='ocrx_word' id='word_1_230' title='bbox 510 2495 740 2557; x_wconf 84' lang='lat' dir='ltr'>Contunduntur</span> <span class='ocrx_word' id='word_1_231' title='bbox 763 2502 793 2555; x_wconf 88' lang='lat' dir='ltr'>et</span> <span class='ocrx_word' id='word_1_232' title='bbox 811 2494 981 2557; x_wconf 90' lang='lat' dir='ltr'>cribrantur</span> <span class='ocrx_word' id='word_1_233' title='bbox 1005 2501 1106 2560; x_wconf 91' lang='lat' dir='ltr'>omnia</span> <span class='ocrx_word' id='word_1_234' title='bbox 1132 2511 1160 2562; x_wconf 88' lang='lat' dir='ltr'>et</span> 
     </span>
     <span class='ocr_line' id='line_1_28' title="bbox 143 2584 1160 2665; baseline 0.01 -24"><span class='ocrx_word' id='word_1_235' title='bbox 143 2584 375 2665; x_wconf 88' lang='lat' dir='ltr'>permiscentur,</span> <span class='ocrx_word' id='word_1_236' title='bbox 408 2584 477 2644; x_wconf 90' lang='lat' dir='ltr'>inde</span> <span class='ocrx_word' id='word_1_237' title='bbox 506 2584 593 2645; x_wconf 93' lang='lat' dir='ltr'>datur</span> <span class='ocrx_word' id='word_1_238' title='bbox 621 2593 650 2644; x_wconf 90' lang='lat' dir='ltr'>et</span> <span class='ocrx_word' id='word_1_239' title='bbox 678 2592 746 2644; x_wconf 88' lang='lat' dir='ltr'>ante</span> <span class='ocrx_word' id='word_1_240' title='bbox 774 2591 892 2644; x_wconf 92' lang='lat' dir='ltr'>noctem</span> <span class='ocrx_word' id='word_1_241' title='bbox 921 2593 951 2645; x_wconf 94' lang='lat' dir='ltr'>et</span> <span class='ocrx_word' id='word_1_242' title='bbox 978 2588 1007 2645; x_wconf 95' lang='lat' dir='ltr'>in</span> <span class='ocrx_word' id='word_1_243' title='bbox 1036 2596 1160 2650; x_wconf 88' lang='lat' dir='ltr'>noctem</span> 
     </span>
     <span class='ocr_line' id='line_1_29' title="bbox 144 2671 1159 2757; baseline 0.007 -25"><span class='ocrx_word' id='word_1_244' title='bbox 144 2672 316 2733; x_wconf 91' lang='lat' dir='ltr'>cocliarium</span> <span class='ocrx_word' id='word_1_245' title='bbox 335 2672 382 2732; x_wconf 85' lang='lat' dir='ltr'>vel</span> <span class='ocrx_word' id='word_1_246' title='bbox 401 2672 467 2751; x_wconf 91' lang='lat' dir='ltr'>plus</span> <span class='ocrx_word' id='word_1_247' title='bbox 487 2691 541 2752; x_wconf 93' lang='lat' dir='ltr'>pro</span> <span class='ocrx_word' id='word_1_248' title='bbox 562 2675 707 2751; x_wconf 90' lang='lat' dir='ltr'>cuiusque</span> <span class='ocrx_word' id='word_1_249' title='bbox 727 2671 841 2732; x_wconf 88' lang='lat' dir='ltr'>viribus</span> <span class='ocrx_word' id='word_1_250' title='bbox 860 2691 928 2732; x_wconf 95' lang='lat' dir='ltr'>cum</span> <span class='ocrx_word' id='word_1_251' title='bbox 943 2675 1048 2752; x_wconf 92' lang='lat' dir='ltr'>cyatho</span> <span class='ocrx_word' id='word_1_252' title='bbox 1064 2696 1159 2757; x_wconf 87' lang='lat' dir='ltr'>aquae</span> 
     </span>
     <span class='ocr_line' id='line_1_30' title="bbox 144 2759 1160 2845; baseline 0.005 -24"><span class='ocrx_word' id='word_1_253' title='bbox 144 2761 254 2822; x_wconf 92' lang='lat' dir='ltr'>calidae</span> <span class='ocrx_word' id='word_1_254' title='bbox 288 2769 318 2821; x_wconf 93' lang='lat' dir='ltr'>et</span> <span class='ocrx_word' id='word_1_255' title='bbox 348 2761 443 2821; x_wconf 88' lang='lat' dir='ltr'>mellis</span> <span class='ocrx_word' id='word_1_256' title='bbox 475 2768 617 2840; x_wconf 89' lang='lat' dir='ltr'>quantum</span> <span class='ocrx_word' id='word_1_257' title='bbox 650 2763 722 2820; x_wconf 91' lang='lat' dir='ltr'>satis</span> <span class='ocrx_word' id='word_1_258' title='bbox 755 2760 911 2822; x_wconf 88' lang='lat' dir='ltr'>videbitur.</span> <span class='ocrx_word' id='word_1_259' title='bbox 961 2759 1040 2823; x_wconf 89' lang='lat' dir='ltr'>Haec</span> <span class='ocrx_word' id='word_1_260' title='bbox 1076 2770 1160 2845; x_wconf 93' lang='lat' dir='ltr'>potio</span> 
     </span>
     <span class='ocr_line' id='line_1_31' title="bbox 145 2849 1192 2937; baseline 0.007 -27"><span class='ocrx_word' id='word_1_261' title='bbox 145 2869 282 2911; x_wconf 92' lang='lat' dir='ltr'>somnum</span> <span class='ocrx_word' id='word_1_262' title='bbox 310 2849 460 2929; x_wconf 90' lang='lat' dir='ltr'>conciliat,</span> <span class='ocrx_word' id='word_1_263' title='bbox 491 2852 699 2910; x_wconf 88' lang='lat' dir='ltr'>concoctiones</span> <span class='ocrx_word' id='word_1_264' title='bbox 728 2849 904 2929; x_wconf 88' lang='lat' dir='ltr'>doloresque</span> <span class='ocrx_word' id='word_1_265' title='bbox 934 2869 1036 2911; x_wconf 91' lang='lat' dir='ltr'>omnes</span> <span class='ocrx_word' id='word_1_266' title='bbox 1061 2855 1192 2937; x_wconf 81' lang='lat' dir='ltr'>sedat3o</span> 
     </span>
     <span class='ocr_line' id='line_1_32' title="bbox 144 2937 1161 3018; baseline 0.006 -19"><span class='ocrx_word' id='word_1_267' title='bbox 144 2943 304 3018; x_wconf 91' lang='lat' dir='ltr'>praecipue</span> <span class='ocrx_word' id='word_1_268' title='bbox 333 2946 432 2999; x_wconf 88' lang='lat' dir='ltr'>autem</span> <span class='ocrx_word' id='word_1_269' title='bbox 462 2939 585 3017; x_wconf 85' lang='lat' dir='ltr'>prodest</span> <span class='ocrx_word' id='word_1_270' title='bbox 612 2938 743 3017; x_wconf 93' lang='lat' dir='ltr'>mulieri,</span> <span class='ocrx_word' id='word_1_271' title='bbox 775 2956 850 3017; x_wconf 90' lang='lat' dir='ltr'>quae</span> <span class='ocrx_word' id='word_1_272' title='bbox 881 2937 945 2997; x_wconf 88' lang='lat' dir='ltr'>colo</span> <span class='ocrx_word' id='word_1_273' title='bbox 973 2949 1100 3002; x_wconf 86' lang='lat' dir='ltr'>vexatur</span> <span class='ocrx_word' id='word_1_274' title='bbox 1133 2953 1161 3005; x_wconf 90' lang='lat' dir='ltr'>et</span> 
     </span>
     <span class='ocr_line' id='line_1_33' title="bbox 145 3026 1161 3094; baseline 0.009 -9"><span class='ocrx_word' id='word_1_275' title='bbox 145 3030 216 3086; x_wconf 91' lang='lat' dir='ltr'>viris</span> <span class='ocrx_word' id='word_1_276' title='bbox 241 3028 344 3087; x_wconf 91' lang='lat' dir='ltr'>eodem</span> <span class='ocrx_word' id='word_1_277' title='bbox 366 3028 453 3087; x_wconf 93' lang='lat' dir='ltr'>modo</span> <span class='ocrx_word' id='word_1_278' title='bbox 472 3026 675 3087; x_wconf 88' lang='lat' dir='ltr'>laborantibus</span> <span class='ocrx_word' id='word_1_279' title='bbox 694 3029 840 3087; x_wconf 92' lang='lat' dir='ltr'>convenit.</span> <span class='ocrx_word' id='word_1_280' title='bbox 877 3026 950 3087; x_wconf 92' lang='lat' dir='ltr'>ltem</span> <span class='ocrx_word' id='word_1_281' title='bbox 970 3028 1006 3087; x_wconf 97' lang='lat' dir='ltr'>ad</span> <span class='ocrx_word' id='word_1_282' title='bbox 1025 3037 1161 3094; x_wconf 92' lang='lat' dir='ltr'>tumores</span> 
     </span>
     <span class='ocr_line' id='line_1_34' title="bbox 146 3114 1162 3190; baseline 0.012 -19"><span class='ocrx_word' id='word_1_283' title='bbox 146 3114 388 3190; x_wconf 91' lang='lat' dir='ltr'>praecordiorum</span> <span class='ocrx_word' id='word_1_284' title='bbox 413 3118 501 3176; x_wconf 92' lang='lat' dir='ltr'>etiam</span> <span class='ocrx_word' id='word_1_285' title='bbox 521 3118 553 3175; x_wconf 90' lang='lat' dir='ltr'>in</span> <span class='ocrx_word' id='word_1_286' title='bbox 571 3114 705 3176; x_wconf 83' lang='lat' dir='ltr'>febribus</span> <span class='ocrx_word' id='word_1_287' title='bbox 725 3117 809 3176; x_wconf 89' lang='lat' dir='ltr'>etad</span> <span class='ocrx_word' id='word_1_288' title='bbox 828 3117 935 3176; x_wconf 92' lang='lat' dir='ltr'>tussim</span> <span class='ocrx_word' id='word_1_289' title='bbox 954 3124 983 3176; x_wconf 90' lang='lat' dir='ltr'>et</span> <span class='ocrx_word' id='word_1_290' title='bbox 1002 3117 1037 3176; x_wconf 92' lang='lat' dir='ltr'>ad</span> <span class='ocrx_word' id='word_1_291' title='bbox 1059 3119 1162 3182; x_wconf 91' lang='lat' dir='ltr'>lateris</span> 
     </span>
    </p>
   </div>
   <div class='ocr_carea' id='block_1_3' title="bbox 147 3264 1162 3532">
    <p class='ocr_par' dir='ltr' id='par_1_13' title="bbox 147 3264 1162 3532">
     <span class='ocr_line' id='line_1_35' title="bbox 237 3264 1149 3328; baseline 0.013 -11"><span class='ocrx_word' id='word_1_292' title='bbox 237 3264 413 3321; x_wconf 78' lang='lat' dir='ltr'>bhaedulia.</span> <span class='ocrx_word' id='word_1_293' title='bbox 505 3267 674 3320; x_wconf 76' lang='lat' dir='ltr'>tlucnstae.</span> <span class='ocrx_word' id='word_1_294' title='bbox 764 3272 796 3321; x_wconf 83' lang='lat'>11</span> <span class='ocrx_word' id='word_1_295' title='bbox 817 3267 903 3324; x_wconf 87' lang='lat' dir='ltr'>debis.</span> <span class='ocrx_word' id='word_1_296' title='bbox 991 3275 1023 3323; x_wconf 82' lang='lat'>12</span> <span class='ocrx_word' id='word_1_297' title='bbox 1044 3271 1149 3328; x_wconf 82' lang='lat' dir='ltr'>alicam</span> 
     </span>
     <span class='ocr_line' id='line_1_36' title="bbox 147 3334 1151 3412; baseline 0.012 -24"><span class='ocrx_word' id='word_1_298' title='bbox 147 3335 221 3388; x_wconf 84' lang='lat' dir='ltr'>alica</span> <span class='ocrx_word' id='word_1_299' title='bbox 240 3334 308 3389; x_wconf 87' lang='lat' dir='ltr'>eius.</span> <span class='ocrx_word' id='word_1_300' title='bbox 391 3341 424 3389; x_wconf 81' lang='lat'>15</span> <span class='ocrx_word' id='word_1_301' title='bbox 443 3337 549 3406; x_wconf 87' lang='lat' dir='ltr'>rursus]</span> <span class='ocrx_word' id='word_1_302' title='bbox 569 3352 639 3389; x_wconf 85' lang='lat' dir='ltr'>rsus.</span> <span class='ocrx_word' id='word_1_303' title='bbox 725 3337 814 3409; x_wconf 91' lang='lat' dir='ltr'>idem]</span> <span class='ocrx_word' id='word_1_304' title='bbox 834 3338 896 3408; x_wconf 85' lang='lat' dir='ltr'>ipsi.</span> <span class='ocrx_word' id='word_1_305' title='bbox 984 3346 1017 3395; x_wconf 78' lang='lat'>17</span> <span class='ocrx_word' id='word_1_306' title='bbox 1037 3359 1151 3412; x_wconf 83' lang='lat' dir='ltr'>myrrae</span> 
     </span>
     <span class='ocr_line' id='line_1_37' title="bbox 147 3404 1162 3476; baseline 0.015 -20"><span class='ocrx_word' id='word_1_307' title='bbox 147 3404 256 3459; x_wconf 81' lang='lat' dir='ltr'>mistae.</span> <span class='ocrx_word' id='word_1_308' title='bbox 320 3404 711 3476; x_wconf 60' lang='lat' dir='ltr'>=191ucernaria]tiniaria.</span> <span class='ocrx_word' id='word_1_309' title='bbox 804 3416 838 3465; x_wconf 82' lang='lat'>20</span> <span class='ocrx_word' id='word_1_310' title='bbox 856 3409 941 3466; x_wconf 90' lang='lat' dir='ltr'>folon.</span> <span class='ocrx_word' id='word_1_311' title='bbox 1034 3415 1162 3471; x_wconf 87' lang='lat' dir='ltr'>scordeo.</span> 
     </span>
     <span class='ocr_line' id='line_1_38' title="bbox 152 3476 579 3532; baseline 0.007 -4"><span class='ocrx_word' id='word_1_312' title='bbox 152 3479 182 3528; x_wconf 80' lang='lat' dir='ltr'>m</span> <span class='ocrx_word' id='word_1_313' title='bbox 200 3476 274 3532; x_wconf 89' lang='lat' dir='ltr'>licio.</span> <span class='ocrx_word' id='word_1_314' title='bbox 348 3482 382 3530; x_wconf 82' lang='lat'>26</span> <span class='ocrx_word' id='word_1_315' title='bbox 401 3476 579 3532; x_wconf 81' lang='lat' dir='ltr'>scribrantnr.</span> 
     </span>
    </p>
   </div>
   <div class='ocr_carea' id='block_1_4' title="bbox 0 0 1235 3878">
    <p class='ocr_par' dir='ltr' id='par_1_14' title="bbox 0 0 1235 3878">
     <span class='ocr_line' id='line_1_39' title="bbox 0 0 1235 3878; baseline 0 0"><span class='ocrx_word' id='word_1_316' title='bbox 0 0 1235 3878; x_wconf 95' lang='lat' dir='ltr'> </span> 
     </span>
    </p>
   </div>
  </div>
 </body>
</html>
